Week Ending Date,Report Date,Date,Weighted Prices,Sales
08/19/2017,08/23/2017,07/22,.8916,"21,618,274"
08/19/2017,08/23/2017,07/29,.8854,"18,700,471"
08/19/2017,08/23/2017,08/05,.8619,"26,336,269"
08/19/2017,08/23/2017,08/12,.8820,"13,414,455"
08/19/2017,08/23/2017,08/19,.8749,"12,996,765"
08/12/2017,08/16/2017,08/12,.8822,"13,166,262"
08/12/2017,08/16/2017,08/05,.8620,"26,295,098"
08/12/2017,08/16/2017,07/29,.8854,"18,700,471"
08/12/2017,08/16/2017,07/22,.8916,"21,618,274"
08/12/2017,08/16/2017,07/15,.9026,"15,521,374"
08/05/2017,08/09/2017,07/08,.9025,"13,278,868"
08/05/2017,08/09/2017,07/15,.9026,"15,521,374"
08/05/2017,08/09/2017,07/22,.8916,"21,620,317"
08/05/2017,08/09/2017,07/29,.8854,"18,702,371"
08/05/2017,08/09/2017,08/05,.8620,"26,171,145"
07/29/2017,08/02/2017,07/29,.8862,"17,525,222"
07/29/2017,08/02/2017,07/22,.8912,"21,297,333"
07/29/2017,08/02/2017,07/15,.9029,"15,061,242"
07/29/2017,08/02/2017,07/08,.9024,"13,030,090"
07/29/2017,08/02/2017,07/01,.9176,"15,985,002"
07/22/2017,07/26/2017,06/24,.9210,"17,839,285"
07/22/2017,07/26/2017,07/01,.9177,"16,026,339"
07/22/2017,07/26/2017,07/08,.9024,"13,030,090"
07/22/2017,07/26/2017,07/15,.9028,"15,019,242"
07/22/2017,07/26/2017,07/22,.8909,"20,944,532"
07/15/2017,07/19/2017,07/15,.9028,"14,765,436"
07/15/2017,07/19/2017,07/08,.9023,"12,988,491"
07/15/2017,07/19/2017,07/01,.9176,"16,152,828"
07/15/2017,07/19/2017,06/24,.9210,"17,839,285"
07/15/2017,07/19/2017,06/17,.9203,"12,621,307"
07/08/2017,07/12/2017,06/10,.9219,"15,287,759"
07/08/2017,07/12/2017,06/17,.9203,"12,620,580"
07/08/2017,07/12/2017,06/24,.9221,"17,759,104"
07/08/2017,07/12/2017,07/01,.9176,"16,152,709"
07/08/2017,07/12/2017,07/08,.9021,"12,946,604"
07/01/2017,07/06/2017,07/01,.9172,"15,657,676"
07/01/2017,07/06/2017,06/24,.9221,"17,759,104"
07/01/2017,07/06/2017,06/17,.9203,"12,620,580"
07/01/2017,07/06/2017,06/10,.9219,"15,287,759"
07/01/2017,07/06/2017,06/03,.8965,"18,395,650"
06/24/2017,06/28/2017,05/27,.8873,"17,205,592"
06/24/2017,06/28/2017,06/03,.8961,"18,227,650"
06/24/2017,06/28/2017,06/10,.9216,"14,868,071"
06/24/2017,06/28/2017,06/17,.9198,"12,005,019"
06/24/2017,06/28/2017,06/24,.9212,"17,337,158"
06/17/2017,06/21/2017,06/17,.9199,"11,919,315"
06/17/2017,06/21/2017,06/10,.9216,"14,868,071"
06/17/2017,06/21/2017,06/03,.8961,"18,227,650"
06/17/2017,06/21/2017,05/27,.8873,"17,205,592"
06/17/2017,06/21/2017,05/20,.8725,"17,621,405"
06/10/2017,06/14/2017,05/13,.8605,"18,051,253"
06/10/2017,06/14/2017,05/20,.8725,"17,579,625"
06/10/2017,06/14/2017,05/27,.8872,"17,037,592"
06/10/2017,06/14/2017,06/03,.8966,"18,017,161"
06/10/2017,06/14/2017,06/10,.9226,"14,736,827"
06/03/2017,06/07/2017,06/03,.8966,"18,017,162"
06/03/2017,06/07/2017,05/27,.8873,"16,995,705"
06/03/2017,06/07/2017,05/20,.8714,"17,994,181"
06/03/2017,06/07/2017,05/13,.8610,"18,051,198"
06/03/2017,06/07/2017,05/06,.8634,"16,859,407"
05/27/2017,06/01/2017,04/29,.8473,"26,242,092"
05/27/2017,06/01/2017,05/06,.8639,"16,271,969"
05/27/2017,06/01/2017,05/13,.8603,"17,631,598"
05/27/2017,06/01/2017,05/20,.8707,"17,407,631"
05/27/2017,06/01/2017,05/27,.8871,"16,533,930"
05/20/2017,05/24/2017,05/20,.8707,"17,323,856"
05/20/2017,05/24/2017,05/13,.8603,"17,631,598"
05/20/2017,05/24/2017,05/06,.8639,"16,271,969"
05/20/2017,05/24/2017,04/29,.8473,"25,894,261"
05/20/2017,05/24/2017,04/22,.8464,"20,459,212"
05/13/2017,05/17/2017,04/15,.8330,"28,017,022"
05/13/2017,05/17/2017,04/22,.8464,"20,351,263"
05/13/2017,05/17/2017,04/29,.8470,"26,307,846"
05/13/2017,05/17/2017,05/06,.8638,"16,442,202"
05/13/2017,05/17/2017,05/13,.8603,"17,504,834"
05/06/2017,05/10/2017,05/06,.8628,"16,837,586"
05/06/2017,05/10/2017,04/29,.8469,"26,357,145"
05/06/2017,05/10/2017,04/22,.8464,"20,351,263"
05/06/2017,05/10/2017,04/15,.8332,"27,851,472"
05/06/2017,05/10/2017,04/08,.8255,"15,577,069"
04/29/2017,05/03/2017,04/01,.8276,"38,461,788"
04/29/2017,05/03/2017,04/08,.8254,"15,241,620"
04/29/2017,05/03/2017,04/15,.8326,"27,221,684"
04/29/2017,05/03/2017,04/22,.8462,"20,057,263"
04/29/2017,05/03/2017,04/29,.8468,"25,845,958"
04/22/2017,04/26/2017,04/22,.8471,"19,518,175"
04/22/2017,04/26/2017,04/15,.8323,"26,988,633"
04/22/2017,04/26/2017,04/08,.8254,"15,241,675"
04/22/2017,04/26/2017,04/01,.8272,"38,117,981"
04/22/2017,04/26/2017,03/25,.8347,"30,882,586"
04/15/2017,04/19/2017,03/18,.8497,"27,197,890"
04/15/2017,04/19/2017,03/25,.8346,"30,756,923"
04/15/2017,04/19/2017,04/01,.8272,"38,117,981"
04/15/2017,04/19/2017,04/08,.8254,"15,241,675"
04/15/2017,04/19/2017,04/15,.8316,"26,856,094"
04/08/2017,04/12/2017,04/08,.8254,"15,241,675"
04/08/2017,04/12/2017,04/01,.8272,"38,117,981"
04/08/2017,04/12/2017,03/25,.8346,"30,756,923"
04/08/2017,04/12/2017,03/18,.8490,"27,008,835"
04/08/2017,04/12/2017,03/11,.8500,"23,610,488"
04/01/2017,04/05/2017,03/04,.9272,"13,921,923"
04/01/2017,04/05/2017,03/11,.8508,"23,232,988"
04/01/2017,04/05/2017,03/18,.8519,"27,008,835"
04/01/2017,04/05/2017,03/25,.8380,"30,798,923"
04/01/2017,04/05/2017,04/01,.8272,"38,117,981"
03/25/2017,03/29/2017,03/25,.8379,"30,630,051"
03/25/2017,03/29/2017,03/18,.8519,"27,008,835"
03/25/2017,03/29/2017,03/11,.8492,"22,966,289"
03/25/2017,03/29/2017,03/04,.9272,"13,921,923"
03/25/2017,03/29/2017,02/25,.9556,"11,828,513"
03/18/2017,03/22/2017,02/18,.9868,"11,984,337"
03/18/2017,03/22/2017,02/25,.9554,"11,786,350"
03/18/2017,03/22/2017,03/04,.9276,"13,964,086"
03/18/2017,03/22/2017,03/11,.8492,"22,966,289"
03/18/2017,03/22/2017,03/18,.8517,"27,008,835"
03/11/2017,03/15/2017,03/11,.8490,"22,924,289"
03/11/2017,03/15/2017,03/04,.9267,"13,791,677"
03/11/2017,03/15/2017,02/25,.9554,"11,786,350"
03/11/2017,03/15/2017,02/18,.9864,"11,900,562"
03/11/2017,03/15/2017,02/11,.9928,"14,096,077"
03/04/2017,03/08/2017,02/04,1.0203,"20,243,469"
03/04/2017,03/08/2017,02/11,.9928,"14,094,423"
03/04/2017,03/08/2017,02/18,.9864,"11,900,562"
03/04/2017,03/08/2017,02/25,.9554,"11,786,350"
03/04/2017,03/08/2017,03/04,.9267,"13,791,677"
02/25/2017,03/01/2017,02/25,.9549,"11,488,726"
02/25/2017,03/01/2017,02/18,.9820,"11,858,674"
02/25/2017,03/01/2017,02/11,.9923,"13,804,352"
02/25/2017,03/01/2017,02/04,1.0214,"19,596,733"
02/25/2017,03/01/2017,01/28,1.0226,"15,646,774"
02/18/2017,02/23/2017,01/21,1.0289,"18,887,930"
02/18/2017,02/23/2017,01/28,1.0226,"15,646,774"
02/18/2017,02/23/2017,02/04,1.0191,"19,931,078"
02/18/2017,02/23/2017,02/11,.9923,"13,804,352"
02/18/2017,02/23/2017,02/18,.9820,"11,874,320"
02/11/2017,02/15/2017,02/11,.9914,"13,448,105"
02/11/2017,02/15/2017,02/04,1.0191,"20,014,663"
02/11/2017,02/15/2017,01/28,1.0226,"15,604,887"
02/11/2017,02/15/2017,01/21,1.0289,"18,887,930"
02/11/2017,02/15/2017,01/14,1.0244,"16,507,101"
02/04/2017,02/08/2017,01/07,1.0140,"12,166,186"
02/04/2017,02/08/2017,01/14,1.0246,"16,424,264"
02/04/2017,02/08/2017,01/21,1.0289,"18,890,339"
02/04/2017,02/08/2017,01/28,1.0226,"15,604,887"
02/04/2017,02/08/2017,02/04,1.0189,"19,929,057"
01/28/2017,02/01/2017,01/28,1.0218,"14,890,456"
01/28/2017,02/01/2017,01/21,1.0287,"18,596,389"
01/28/2017,02/01/2017,01/14,1.0242,"16,088,314"
01/28/2017,02/01/2017,01/07,1.0133,"11,746,311"
01/28/2017,02/01/2017,12/31,.9967,"11,788,346"
01/21/2017,01/25/2017,12/24,.9687,"19,984,773"
01/21/2017,01/25/2017,12/31,.9967,"11,788,346"
01/21/2017,01/25/2017,01/07,1.0133,"11,746,311"
01/21/2017,01/25/2017,01/14,1.0242,"16,088,314"
01/21/2017,01/25/2017,01/21,1.0285,"18,513,110"
01/14/2017,01/19/2017,01/14,1.0242,"15,968,314"
01/14/2017,01/19/2017,01/07,1.0139,"11,699,902"
01/14/2017,01/19/2017,12/31,.9967,"11,788,346"
01/14/2017,01/19/2017,12/24,.9688,"19,943,051"
01/14/2017,01/19/2017,12/17,.9670,"14,782,888"
01/07/2017,01/11/2017,12/10,.9542,"16,073,992"
01/07/2017,01/11/2017,12/17,.9657,"16,267,875"
01/07/2017,01/11/2017,12/24,.9688,"19,943,051"
01/07/2017,01/11/2017,12/31,.9967,"11,788,401"
01/07/2017,01/11/2017,01/07,1.0139,"11,699,902"
12/31/2016,01/05/2017,12/31,.9932,"12,085,732"
12/31/2016,01/05/2017,12/24,.9704,"19,145,101"
12/31/2016,01/05/2017,12/17,.9666,"15,832,025"
12/31/2016,01/05/2017,12/10,.9553,"15,424,192"
12/31/2016,01/05/2017,12/03,.9247,"22,951,661"
12/24/2016,12/29/2016,11/26,.9158,"10,758,544"
12/24/2016,12/29/2016,12/03,.9247,"22,951,661"
12/24/2016,12/29/2016,12/10,.9553,"15,424,192"
12/24/2016,12/29/2016,12/17,.9666,"15,832,025"
12/24/2016,12/29/2016,12/24,.9705,"19,021,545"
12/17/2016,12/21/2016,12/17,.9671,"15,596,958"
12/17/2016,12/21/2016,12/10,.9558,"15,424,192"
12/17/2016,12/21/2016,12/03,.9260,"22,317,661"
12/17/2016,12/21/2016,11/26,.9158,"10,758,544"
12/17/2016,12/21/2016,11/19,.9118,"14,293,659"
12/10/2016,12/14/2016,11/12,.9082,"16,103,918"
12/10/2016,12/14/2016,11/19,.9118,"14,293,659"
12/10/2016,12/14/2016,11/26,.9158,"10,758,544"
12/10/2016,12/14/2016,12/03,.9260,"22,315,661"
12/10/2016,12/14/2016,12/10,.9557,"15,236,651"
12/03/2016,12/07/2016,12/03,.9260,"22,188,369"
12/03/2016,12/07/2016,11/26,.9158,"10,758,544"
12/03/2016,12/07/2016,11/19,.9118,"14,293,659"
12/03/2016,12/07/2016,11/12,.9082,"16,103,920"
12/03/2016,12/07/2016,11/05,.9111,"21,676,795"
11/26/2016,11/30/2016,10/29,.9120,"11,566,356"
11/26/2016,11/30/2016,11/05,.9110,"21,382,845"
11/26/2016,11/30/2016,11/12,.9088,"15,767,920"
11/26/2016,11/30/2016,11/19,.9126,"13,719,659"
11/26/2016,11/30/2016,11/26,.9176,"10,090,863"
11/19/2016,11/23/2016,11/19,.9124,"13,727,926"
11/19/2016,11/23/2016,11/12,.9088,"15,767,920"
11/19/2016,11/23/2016,11/05,.9109,"21,338,753"
11/19/2016,11/23/2016,10/29,.9122,"11,610,448"
11/19/2016,11/23/2016,10/22,.9183,"12,853,782"
11/12/2016,11/16/2016,10/15,.9208,"15,765,499"
11/12/2016,11/16/2016,10/22,.9183,"12,853,782"
11/12/2016,11/16/2016,10/29,.9122,"11,610,448"
11/12/2016,11/16/2016,11/05,.9109,"21,338,753"
11/12/2016,11/16/2016,11/12,.9088,"15,768,680"
11/05/2016,11/09/2016,11/05,.9110,"21,163,955"
11/05/2016,11/09/2016,10/29,.9122,"11,610,448"
11/05/2016,11/09/2016,10/22,.9183,"12,853,782"
11/05/2016,11/09/2016,10/15,.9206,"15,807,499"
11/05/2016,11/09/2016,10/08,.9322,"15,105,348"
10/29/2016,11/02/2016,10/01,.9045,"20,684,430"
10/29/2016,11/02/2016,10/08,.9334,"14,646,012"
10/29/2016,11/02/2016,10/15,.9216,"15,133,499"
10/29/2016,11/02/2016,10/22,.9186,"12,223,782"
10/29/2016,11/02/2016,10/29,.9125,"11,240,448"
10/22/2016,10/26/2016,10/22,.9193,"11,975,791"
10/22/2016,10/26/2016,10/15,.9217,"15,091,116"
10/22/2016,10/26/2016,10/08,.9334,"14,646,012"
10/22/2016,10/26/2016,10/01,.9059,"19,763,075"
10/22/2016,10/26/2016,09/24,.8991,"15,430,786"
10/15/2016,10/19/2016,09/17,.8948,"17,636,666"
10/15/2016,10/19/2016,09/24,.8991,"15,430,786"
10/15/2016,10/19/2016,10/01,.9059,"19,763,075"
10/15/2016,10/19/2016,10/08,.9334,"14,646,012"
10/15/2016,10/19/2016,10/15,.9217,"15,091,116"
10/08/2016,10/13/2016,10/08,.9335,"14,144,674"
10/08/2016,10/13/2016,10/01,.9061,"19,675,993"
10/08/2016,10/13/2016,09/24,.8991,"15,430,786"
10/08/2016,10/13/2016,09/17,.8948,"17,636,666"
10/08/2016,10/13/2016,09/10,.8809,"13,610,165"
10/01/2016,10/05/2016,09/03,.8531,"25,786,211"
10/01/2016,10/05/2016,09/10,.8815,"13,185,916"
10/01/2016,10/05/2016,09/17,.8975,"15,715,518"
10/01/2016,10/05/2016,09/24,.9020,"13,811,077"
10/01/2016,10/05/2016,10/01,.9076,"18,111,857"
09/24/2016,09/28/2016,09/24,.9022,"13,481,957"
09/24/2016,09/28/2016,09/17,.8975,"15,715,518"
09/24/2016,09/28/2016,09/10,.8816,"13,144,580"
09/24/2016,09/28/2016,09/03,.8531,"25,489,355"
09/24/2016,09/28/2016,08/27,.8644,"16,488,912"
09/17/2016,09/21/2016,08/20,.8659,"13,156,852"
09/17/2016,09/21/2016,08/27,.8644,"16,489,078"
09/17/2016,09/21/2016,09/03,.8533,"25,404,021"
09/17/2016,09/21/2016,09/10,.8815,"13,188,672"
09/17/2016,09/21/2016,09/17,.8984,"15,423,762"
09/10/2016,09/14/2016,09/10,.8819,"13,357,797"
09/10/2016,09/14/2016,09/03,.8533,"25,404,021"
09/10/2016,09/14/2016,08/27,.8644,"16,489,078"
09/10/2016,09/14/2016,08/20,.8660,"13,158,852"
09/10/2016,09/14/2016,08/13,.8524,"14,055,753"
09/03/2016,09/08/2016,08/06,.8488,"14,988,224"
09/03/2016,09/08/2016,08/13,.8524,"14,055,753"
09/03/2016,09/08/2016,08/20,.8660,"13,116,852"
09/03/2016,09/08/2016,08/27,.8644,"16,489,078"
09/03/2016,09/08/2016,09/03,.8533,"25,270,092"
08/27/2016,08/31/2016,08/27,.8658,"15,859,128"
08/27/2016,08/31/2016,08/20,.8669,"12,678,002"
08/27/2016,08/31/2016,08/13,.8533,"13,551,953"
08/27/2016,08/31/2016,08/06,.8491,"14,610,274"
08/27/2016,08/31/2016,07/30,.8404,"18,935,974"
08/20/2016,08/24/2016,07/23,.8467,"21,364,048"
08/20/2016,08/24/2016,07/30,.8401,"18,759,606"
08/20/2016,08/24/2016,08/06,.8467,"14,568,938"
08/20/2016,08/24/2016,08/13,.8533,"13,512,063"
08/20/2016,08/24/2016,08/20,.8672,"12,507,859"
08/13/2016,08/17/2016,08/13,.8534,"13,357,303"
08/13/2016,08/17/2016,08/06,.8492,"14,526,102"
08/13/2016,08/17/2016,07/30,.8401,"18,759,606"
08/13/2016,08/17/2016,07/23,.8467,"21,364,048"
08/13/2016,08/17/2016,07/16,.8355,"15,304,621"
08/06/2016,08/10/2016,07/09,.8495,"12,751,068"
08/06/2016,08/10/2016,07/16,.8356,"15,348,621"
08/06/2016,08/10/2016,07/23,.8467,"21,364,048"
08/06/2016,08/10/2016,07/30,.8401,"18,759,606"
08/06/2016,08/10/2016,08/06,.8487,"14,061,138"
07/30/2016,08/03/2016,07/30,.8407,"18,424,046"
07/30/2016,08/03/2016,07/23,.8476,"20,902,198"
07/30/2016,08/03/2016,07/16,.8365,"14,884,921"
07/30/2016,08/03/2016,07/09,.8508,"12,373,068"
07/30/2016,08/03/2016,07/02,.8103,"19,314,557"
07/23/2016,07/27/2016,06/25,.8124,"18,248,792"
07/23/2016,07/27/2016,07/02,.8103,"19,314,557"
07/23/2016,07/27/2016,07/09,.8507,"12,288,068"
07/23/2016,07/27/2016,07/16,.8365,"14,884,976"
07/23/2016,07/27/2016,07/23,.8472,"20,858,271"
07/16/2016,07/20/2016,07/16,.8357,"14,625,385"
07/16/2016,07/20/2016,07/09,.8513,"12,164,610"
07/16/2016,07/20/2016,07/02,.8102,"19,273,221"
07/16/2016,07/20/2016,06/25,.8124,"18,209,104"
07/16/2016,07/20/2016,06/18,.7947,"17,308,713"
07/09/2016,07/13/2016,06/11,.7887,"17,161,004"
07/09/2016,07/13/2016,06/18,.7949,"17,057,498"
07/09/2016,07/13/2016,06/25,.8124,"18,211,304"
07/09/2016,07/13/2016,07/02,.8102,"19,273,221"
07/09/2016,07/13/2016,07/09,.8514,"12,122,110"
07/02/2016,07/07/2016,07/02,.8103,"19,314,557"
07/02/2016,07/07/2016,06/25,.8124,"18,211,304"
07/02/2016,07/07/2016,06/18,.7949,"17,057,498"
07/02/2016,07/07/2016,06/11,.7886,"17,077,229"
07/02/2016,07/07/2016,06/04,.7671,"26,578,705"
06/25/2016,06/29/2016,05/28,.7818,"13,794,334"
06/25/2016,06/29/2016,06/04,.7674,"26,285,469"
06/25/2016,06/29/2016,06/11,.7894,"16,531,229"
06/25/2016,06/29/2016,06/18,.7956,"16,749,498"
06/25/2016,06/29/2016,06/25,.8138,"17,642,149"
06/18/2016,06/22/2016,06/18,.7955,"16,558,248"
06/18/2016,06/22/2016,06/11,.7894,"16,531,229"
06/18/2016,06/22/2016,06/04,.7674,"26,285,469"
06/18/2016,06/22/2016,05/28,.7819,"13,750,408"
06/18/2016,06/22/2016,05/21,.7817,"13,725,226"
06/11/2016,06/15/2016,05/14,.7502,"20,769,784"
06/11/2016,06/15/2016,05/21,.7818,"13,683,338"
06/11/2016,06/15/2016,05/28,.7819,"13,750,408"
06/11/2016,06/15/2016,06/04,.7674,"26,285,469"
06/11/2016,06/15/2016,06/11,.7892,"16,185,225"
06/04/2016,06/08/2016,06/04,.7669,"25,990,873"
06/04/2016,06/08/2016,05/28,.7825,"13,750,408"
06/04/2016,06/08/2016,05/21,.7818,"13,683,338"
06/04/2016,06/08/2016,05/14,.7502,"20,725,894"
06/04/2016,06/08/2016,05/07,.7436,"24,405,703"
05/28/2016,06/02/2016,04/30,.7266,"31,603,641"
05/28/2016,06/02/2016,05/07,.7437,"24,196,139"
05/28/2016,06/02/2016,05/14,.7508,"20,066,230"
05/28/2016,06/02/2016,05/21,.7841,"13,049,488"
05/28/2016,06/02/2016,05/28,.7843,"12,910,646"
05/21/2016,05/25/2016,05/21,.7841,"13,007,601"
05/21/2016,05/25/2016,05/14,.7508,"20,066,230"
05/21/2016,05/25/2016,05/07,.7437,"24,196,195"
05/21/2016,05/25/2016,04/30,.7266,"31,561,641"
05/21/2016,05/25/2016,04/23,.7269,"23,479,217"
05/14/2016,05/18/2016,04/16,.7245,"24,279,096"
05/14/2016,05/18/2016,04/23,.7270,"23,521,104"
05/14/2016,05/18/2016,04/30,.7268,"31,645,416"
05/14/2016,05/18/2016,05/07,.7437,"24,196,195"
05/14/2016,05/18/2016,05/14,.7508,"20,066,230"
05/07/2016,05/11/2016,05/07,.7437,"24,196,195"
05/07/2016,05/11/2016,04/30,.7268,"31,645,416"
05/07/2016,05/11/2016,04/23,.7270,"23,518,562"
05/07/2016,05/11/2016,04/16,.7245,"24,237,870"
05/07/2016,05/11/2016,04/09,.7361,"21,106,537"
04/30/2016,05/04/2016,04/02,.7460,"19,287,924"
04/30/2016,05/04/2016,04/09,.7351,"20,362,518"
04/30/2016,05/04/2016,04/16,.7247,"23,817,920"
04/30/2016,05/04/2016,04/23,.7274,"23,182,562"
04/30/2016,05/04/2016,04/30,.7256,"31,393,478"
04/23/2016,04/27/2016,04/23,.7273,"23,098,787"
04/23/2016,04/27/2016,04/16,.7247,"23,813,511"
04/23/2016,04/27/2016,04/09,.7351,"20,362,518"
04/23/2016,04/27/2016,04/02,.7460,"19,287,924"
04/23/2016,04/27/2016,03/26,.7524,"15,380,220"
04/16/2016,04/20/2016,03/19,.7420,"26,965,031"
04/16/2016,04/20/2016,03/26,.7524,"15,380,220"
04/16/2016,04/20/2016,04/02,.7460,"19,287,924"
04/16/2016,04/20/2016,04/09,.7358,"20,316,938"
04/16/2016,04/20/2016,04/16,.7246,"23,772,112"
04/09/2016,04/13/2016,04/09,.7359,"20,153,163"
04/09/2016,04/13/2016,04/02,.7460,"19,287,924"
04/09/2016,04/13/2016,03/26,.7524,"15,380,220"
04/09/2016,04/13/2016,03/19,.7419,"26,923,144"
04/09/2016,04/13/2016,03/12,.7605,"17,495,932"
04/02/2016,04/06/2016,03/05,.7613,"26,082,730"
04/02/2016,04/06/2016,03/12,.7605,"17,495,932"
04/02/2016,04/06/2016,03/19,.7419,"26,923,144"
04/02/2016,04/06/2016,03/26,.7524,"15,522,747"
04/02/2016,04/06/2016,04/02,.7461,"19,162,355"
03/26/2016,03/30/2016,03/26,.7449,"18,565,308"
03/26/2016,03/30/2016,03/19,.7421,"26,673,344"
03/26/2016,03/30/2016,03/12,.7613,"17,041,256"
03/26/2016,03/30/2016,03/05,.7619,"25,646,780"
03/26/2016,03/30/2016,02/27,.7668,"14,525,831"
03/19/2016,03/23/2016,02/20,.7703,"16,436,856"
03/19/2016,03/23/2016,02/27,.7675,"14,567,959"
03/19/2016,03/23/2016,03/05,.7627,"25,731,048"
03/19/2016,03/23/2016,03/12,.7619,"17,083,309"
03/19/2016,03/23/2016,03/19,.7430,"26,548,305"
03/12/2016,03/16/2016,03/12,.7623,"16,867,368"
03/12/2016,03/16/2016,03/05,.7627,"25,731,048"
03/12/2016,03/16/2016,02/27,.7675,"14,567,959"
03/12/2016,03/16/2016,02/20,.7703,"16,436,856"
03/12/2016,03/16/2016,02/13,.7629,"16,428,138"
03/05/2016,03/09/2016,02/06,.7726,"17,883,225"
03/05/2016,03/09/2016,02/13,.7628,"16,344,419"
03/05/2016,03/09/2016,02/20,.7703,"16,394,969"
03/05/2016,03/09/2016,02/27,.7675,"14,567,959"
03/05/2016,03/09/2016,03/05,.7626,"25,640,164"
02/27/2016,03/02/2016,02/27,.7677,"14,117,808"
02/27/2016,03/02/2016,02/20,.7710,"16,020,969"
02/27/2016,03/02/2016,02/13,.7631,"16,260,419"
02/27/2016,03/02/2016,02/06,.7732,"17,591,439"
02/27/2016,03/02/2016,01/30,.7713,"14,511,253"
02/20/2016,02/24/2016,01/23,.7695,"14,225,959"
02/20/2016,02/24/2016,01/30,.7712,"14,387,465"
02/20/2016,02/24/2016,02/06,.7732,"17,591,439"
02/20/2016,02/24/2016,02/13,.7631,"16,260,419"
02/20/2016,02/24/2016,02/20,.7716,"15,810,920"
02/13/2016,02/18/2016,02/13,.7631,"15,856,830"
02/13/2016,02/18/2016,02/06,.7732,"17,591,439"
02/13/2016,02/18/2016,01/30,.7712,"14,387,465"
02/13/2016,02/18/2016,01/23,.7695,"14,208,322"
02/13/2016,02/18/2016,01/16,.7822,"12,424,686"
02/06/2016,02/10/2016,01/09,.7778,"13,970,452"
02/06/2016,02/10/2016,01/16,.7819,"12,424,686"
02/06/2016,02/10/2016,01/23,.7693,"14,208,372"
02/06/2016,02/10/2016,01/30,.7712,"14,387,515"
02/06/2016,02/10/2016,02/06,.7735,"17,448,361"
01/30/2016,02/03/2016,01/30,.7706,"14,009,565"
01/30/2016,02/03/2016,01/23,.7689,"13,998,323"
01/30/2016,02/03/2016,01/16,.7819,"12,340,687"
01/30/2016,02/03/2016,01/09,.7781,"13,528,252"
01/30/2016,02/03/2016,01/02,.7882,"15,197,183"
01/23/2016,01/27/2016,12/26,.7748,"12,265,158"
01/23/2016,01/27/2016,01/02,.7882,"15,197,183"
01/23/2016,01/27/2016,01/09,.7781,"13,528,252"
01/23/2016,01/27/2016,01/16,.7819,"12,340,687"
01/23/2016,01/27/2016,01/23,.7689,"13,998,323"
01/16/2016,01/21/2016,01/16,.7857,"12,258,024"
01/16/2016,01/21/2016,01/09,.7781,"13,484,215"
01/16/2016,01/21/2016,01/02,.7882,"15,197,183"
01/16/2016,01/21/2016,12/26,.7748,"12,265,158"
01/16/2016,01/21/2016,12/19,.7904,"20,352,267"
01/09/2016,01/13/2016,12/12,.7991,"19,793,028"
01/09/2016,01/13/2016,12/19,.7904,"20,308,267"
01/09/2016,01/13/2016,12/26,.7748,"12,265,158"
01/09/2016,01/13/2016,01/02,.7882,"15,197,183"
01/09/2016,01/13/2016,01/09,.7807,"13,315,418"
01/02/2016,01/06/2016,01/02,.7879,"14,692,331"
01/02/2016,01/06/2016,12/26,.7748,"12,265,158"
01/02/2016,01/06/2016,12/19,.7904,"20,311,023"
01/02/2016,01/06/2016,12/12,.7991,"19,793,028"
01/02/2016,01/06/2016,12/05,.7765,"14,857,837"
12/26/2015,12/30/2015,11/28,.7880,"10,237,733"
12/26/2015,12/30/2015,12/05,.7785,"14,813,837"
12/26/2015,12/30/2015,12/12,.8012,"19,793,028"
12/26/2015,12/30/2015,12/19,.7918,"20,311,023"
12/26/2015,12/30/2015,12/26,.7790,"12,265,158"
12/19/2015,12/23/2015,12/19,.7918,"20,311,023"
12/19/2015,12/23/2015,12/12,.8023,"19,793,028"
12/19/2015,12/23/2015,12/05,.7785,"14,813,837"
12/19/2015,12/23/2015,11/28,.7882,"10,206,233"
12/19/2015,12/23/2015,11/21,.8492,"17,916,874"
12/12/2015,12/16/2015,11/14,.8219,"16,743,595"
12/12/2015,12/16/2015,11/21,.8495,"17,956,474"
12/12/2015,12/16/2015,11/28,.7882,"10,206,288"
12/12/2015,12/16/2015,12/05,.7785,"14,813,837"
12/12/2015,12/16/2015,12/12,.8023,"19,828,853"
12/05/2015,12/09/2015,12/05,.7785,"14,813,837"
12/05/2015,12/09/2015,11/28,.7882,"10,206,288"
12/05/2015,12/09/2015,11/21,.8495,"17,956,474"
12/05/2015,12/09/2015,11/14,.8219,"16,743,595"
12/05/2015,12/09/2015,11/07,.8757,"14,509,767"
11/28/2015,12/02/2015,10/31,.8668,"17,288,084"
11/28/2015,12/02/2015,11/07,.8752,"14,254,952"
11/28/2015,12/02/2015,11/14,.8215,"16,706,845"
11/28/2015,12/02/2015,11/21,.8492,"17,915,359"
11/28/2015,12/02/2015,11/28,.7886,"10,207,170"
11/21/2015,11/25/2015,11/21,.8495,"18,009,440"
11/21/2015,11/25/2015,11/14,.8215,"16,706,349"
11/21/2015,11/25/2015,11/07,.8752,"14,254,952"
11/21/2015,11/25/2015,10/31,.8663,"17,204,484"
11/21/2015,11/25/2015,10/24,.9053,"18,349,405"
11/14/2015,11/18/2015,10/17,.9475,"13,445,168"
11/14/2015,11/18/2015,10/24,.9053,"18,349,405"
11/14/2015,11/18/2015,10/31,.8666,"17,162,596"
11/14/2015,11/18/2015,11/07,.8752,"14,254,953"
11/14/2015,11/18/2015,11/14,.8219,"16,705,886"
11/07/2015,11/12/2015,11/07,.8761,"14,120,771"
11/07/2015,11/12/2015,10/31,.8666,"17,162,596"
11/07/2015,11/12/2015,10/24,.9053,"18,349,405"
11/07/2015,11/12/2015,10/17,.9475,"13,445,168"
11/07/2015,11/12/2015,10/10,.8920,"21,765,556"
10/31/2015,11/04/2015,10/03,.8768,"18,525,864"
10/31/2015,11/04/2015,10/10,.8920,"21,765,832"
10/31/2015,11/04/2015,10/17,.9475,"13,445,168"
10/31/2015,11/04/2015,10/24,.9053,"18,349,405"
10/31/2015,11/04/2015,10/31,.8666,"17,162,596"
10/24/2015,10/28/2015,10/24,.9059,"18,306,605"
10/24/2015,10/28/2015,10/17,.9488,"13,392,258"
10/24/2015,10/28/2015,10/10,.8921,"21,765,832"
10/24/2015,10/28/2015,10/03,.8753,"18,532,478"
10/24/2015,10/28/2015,09/26,.8364,"20,253,892"
10/17/2015,10/21/2015,09/19,.8257,"21,166,376"
10/17/2015,10/21/2015,09/26,.8364,"20,253,892"
10/17/2015,10/21/2015,10/03,.8753,"18,489,256"
10/17/2015,10/21/2015,10/10,.8923,"21,596,904"
10/17/2015,10/21/2015,10/17,.9488,"13,392,258"
10/10/2015,10/15/2015,10/10,.8917,"21,472,345"
10/10/2015,10/15/2015,10/03,.8753,"18,446,659"
10/10/2015,10/15/2015,09/26,.8368,"19,873,354"
10/10/2015,10/15/2015,09/19,.8254,"21,078,376"
10/10/2015,10/15/2015,09/12,.8026,"19,579,476"
10/03/2015,10/07/2015,09/05,.7552,"27,695,469"
10/03/2015,10/07/2015,09/12,.8025,"19,535,476"
10/03/2015,10/07/2015,09/19,.8254,"21,078,376"
10/03/2015,10/07/2015,09/26,.8367,"19,829,263"
10/03/2015,10/07/2015,10/03,.8757,"18,363,059"
09/26/2015,09/30/2015,09/26,.8365,"19,789,428"
09/26/2015,09/30/2015,09/19,.8254,"21,078,375"
09/26/2015,09/30/2015,09/12,.8022,"19,493,588"
09/26/2015,09/30/2015,09/05,.7551,"27,651,468"
09/26/2015,09/30/2015,08/29,.7444,"31,818,926"
09/19/2015,09/23/2015,08/22,.7362,"30,252,078"
09/19/2015,09/23/2015,08/29,.7444,"31,272,277"
09/19/2015,09/23/2015,09/05,.7548,"27,567,693"
09/19/2015,09/23/2015,09/12,.8021,"19,452,306"
09/19/2015,09/23/2015,09/19,.8257,"21,036,435"
09/12/2015,09/16/2015,09/12,.8025,"19,347,588"
09/12/2015,09/16/2015,09/05,.7550,"27,457,463"
09/12/2015,09/16/2015,08/29,.7446,"31,900,588"
09/12/2015,09/16/2015,08/22,.7363,"30,225,347"
09/12/2015,09/16/2015,08/15,.7570,"17,620,746"
09/05/2015,09/10/2015,08/08,.7458,"16,870,076"
09/05/2015,09/10/2015,08/15,.7570,"17,620,746"
09/05/2015,09/10/2015,08/22,.7363,"30,225,347"
09/05/2015,09/10/2015,08/29,.7446,"31,900,588"
09/05/2015,09/10/2015,09/05,.7550,"27,270,237"
08/29/2015,09/02/2015,08/29,.7445,"31,481,713"
08/29/2015,09/02/2015,08/22,.7355,"30,145,402"
08/29/2015,09/02/2015,08/15,.7574,"17,408,830"
08/29/2015,09/02/2015,08/08,.7459,"16,878,281"
08/29/2015,09/02/2015,08/01,.7998,"11,828,638"
08/22/2015,08/26/2015,07/25,.8038,"18,502,115"
08/22/2015,08/26/2015,08/01,.7998,"11,828,638"
08/22/2015,08/26/2015,08/08,.7459,"16,878,281"
08/22/2015,08/26/2015,08/15,.7574,"17,408,830"
08/22/2015,08/26/2015,08/22,.7355,"30,145,402"
08/15/2015,08/19/2015,08/15,.7582,"17,118,372"
08/15/2015,08/19/2015,08/08,.7459,"16,851,917"
08/15/2015,08/19/2015,08/01,.7998,"11,828,748"
08/15/2015,08/19/2015,07/25,.8021,"18,291,300"
08/15/2015,08/19/2015,07/18,.8475,"15,055,332"
08/08/2015,08/12/2015,07/11,.8632,"15,540,604"
08/08/2015,08/12/2015,07/18,.8469,"14,971,732"
08/08/2015,08/12/2015,07/25,.8021,"18,291,300"
08/08/2015,08/12/2015,08/01,.7998,"11,828,748"
08/08/2015,08/12/2015,08/08,.7453,"16,796,802"
08/01/2015,08/05/2015,08/01,.7998,"11,828,748"
08/01/2015,08/05/2015,07/25,.8021,"18,291,300"
08/01/2015,08/05/2015,07/18,.8469,"14,971,732"
08/01/2015,08/05/2015,07/11,.8623,"15,373,151"
08/01/2015,08/05/2015,07/04,.8779,"12,588,710"
07/25/2015,07/29/2015,06/27,.9111,"24,721,073"
07/25/2015,07/29/2015,07/04,.8779,"12,544,710"
07/25/2015,07/29/2015,07/11,.8623,"15,414,487"
07/25/2015,07/29/2015,07/18,.8472,"14,971,733"
07/25/2015,07/29/2015,07/25,.8022,"18,249,413"
07/18/2015,07/22/2015,07/18,.8472,"14,847,951"
07/18/2015,07/22/2015,07/11,.8622,"15,366,537"
07/18/2015,07/22/2015,07/04,.8779,"12,544,710"
07/18/2015,07/22/2015,06/27,.9112,"24,510,313"
07/18/2015,07/22/2015,06/20,.9286,"26,853,736"
07/11/2015,07/15/2015,06/13,.9217,"21,671,059"
07/11/2015,07/15/2015,06/20,.9291,"26,978,617"
07/11/2015,07/15/2015,06/27,.9112,"24,510,368"
07/11/2015,07/15/2015,07/04,.8773,"12,629,036"
07/11/2015,07/15/2015,07/11,.8621,"15,282,763"
07/04/2015,07/08/2015,07/04,.8770,"12,570,063"
07/04/2015,07/08/2015,06/27,.9111,"24,510,368"
07/04/2015,07/08/2015,06/20,.9291,"26,978,617"
07/04/2015,07/08/2015,06/13,.9241,"22,294,170"
07/04/2015,07/08/2015,06/06,.9472,"22,679,077"
06/27/2015,07/01/2015,05/30,.9406,"37,118,185"
06/27/2015,07/01/2015,06/06,.9470,"22,593,953"
06/27/2015,07/01/2015,06/13,.9240,"22,254,529"
06/27/2015,07/01/2015,06/20,.9291,"26,978,617"
06/27/2015,07/01/2015,06/27,.9140,"24,510,368"
06/20/2015,06/24/2015,06/20,.9292,"26,937,281"
06/20/2015,06/24/2015,06/13,.9249,"22,294,170"
06/20/2015,06/24/2015,06/06,.9470,"22,593,953"
06/20/2015,06/24/2015,05/30,.9406,"37,118,185"
06/20/2015,06/24/2015,05/23,.9479,"20,372,265"
06/13/2015,06/17/2015,05/16,.9560,"20,740,743"
06/13/2015,06/17/2015,05/23,.9475,"20,203,613"
06/13/2015,06/17/2015,05/30,.9405,"37,118,185"
06/13/2015,06/17/2015,06/06,.9470,"22,593,953"
06/13/2015,06/17/2015,06/13,.9252,"22,171,264"
06/06/2015,06/10/2015,06/06,.9470,"22,594,394"
06/06/2015,06/10/2015,05/30,.9406,"37,118,185"
06/06/2015,06/10/2015,05/23,.9479,"20,203,613"
06/06/2015,06/10/2015,05/16,.9562,"20,740,743"
06/06/2015,06/10/2015,05/09,.9415,"18,665,544"
05/30/2015,06/03/2015,05/02,.9498,"19,728,623"
05/30/2015,06/03/2015,05/09,.9415,"18,665,599"
05/30/2015,06/03/2015,05/16,.9562,"20,744,416"
05/30/2015,06/03/2015,05/23,.9484,"20,172,256"
05/30/2015,06/03/2015,05/30,.9406,"37,118,680"
05/23/2015,05/28/2015,05/23,.9477,"20,046,097"
05/23/2015,05/28/2015,05/16,.9562,"20,744,416"
05/23/2015,05/28/2015,05/09,.9415,"18,665,599"
05/23/2015,05/28/2015,05/02,.9498,"19,728,623"
05/23/2015,05/28/2015,04/25,.9517,"39,647,958"
05/16/2015,05/20/2015,04/18,.9668,"26,609,589"
05/16/2015,05/20/2015,04/25,.9517,"39,647,958"
05/16/2015,05/20/2015,05/02,.9503,"19,770,749"
05/16/2015,05/20/2015,05/09,.9414,"18,584,110"
05/16/2015,05/20/2015,05/16,.9557,"20,531,068"
05/09/2015,05/13/2015,05/09,.9414,"18,542,278"
05/09/2015,05/13/2015,05/02,.9503,"19,770,749"
05/09/2015,05/13/2015,04/25,.9517,"39,647,958"
05/09/2015,05/13/2015,04/18,.9668,"26,609,589"
05/09/2015,05/13/2015,04/11,.9751,"22,220,358"
05/02/2015,05/06/2015,04/04,.9953,"18,901,701"
05/02/2015,05/06/2015,04/11,.9751,"22,220,358"
05/02/2015,05/06/2015,04/18,.9668,"26,609,589"
05/02/2015,05/06/2015,04/25,.9517,"39,668,013"
05/02/2015,05/06/2015,05/02,.9506,"19,773,154"
04/25/2015,04/29/2015,04/25,.9527,"39,623,920"
04/25/2015,04/29/2015,04/18,.9669,"26,610,140"
04/25/2015,04/29/2015,04/11,.9751,"22,220,358"
04/25/2015,04/29/2015,04/04,.9957,"18,944,086"
04/25/2015,04/29/2015,03/28,.9919,"29,164,527"
04/18/2015,04/22/2015,03/21,1.0089,"20,560,218"
04/18/2015,04/22/2015,03/28,.9920,"29,160,527"
04/18/2015,04/22/2015,04/04,.9954,"18,901,616"
04/18/2015,04/22/2015,04/11,.9753,"22,220,358"
04/18/2015,04/22/2015,04/18,.9665,"26,419,146"
04/11/2015,04/15/2015,04/11,.9752,"21,893,401"
04/11/2015,04/15/2015,04/04,.9956,"18,859,453"
04/11/2015,04/15/2015,03/28,.9920,"29,160,527"
04/11/2015,04/15/2015,03/21,1.0076,"20,180,756"
04/11/2015,04/15/2015,03/14,1.0735,"15,190,854"
04/04/2015,04/08/2015,03/07,1.0440,"17,088,529"
04/04/2015,04/08/2015,03/14,1.0715,"15,452,719"
04/04/2015,04/08/2015,03/21,1.0076,"20,181,748"
04/04/2015,04/08/2015,03/28,.9920,"29,158,157"
04/04/2015,04/08/2015,04/04,.9955,"18,818,117"
03/28/2015,04/01/2015,03/28,.9918,"29,102,705"
03/28/2015,04/01/2015,03/21,1.0076,"20,181,748"
03/28/2015,04/01/2015,03/14,1.0717,"15,439,492"
03/28/2015,04/01/2015,03/07,1.0443,"17,086,269"
03/28/2015,04/01/2015,02/28,1.0579,"26,262,759"
03/21/2015,03/25/2015,02/21,1.0182,"27,985,210"
03/21/2015,03/25/2015,02/28,1.0580,"26,220,759"
03/21/2015,03/25/2015,03/07,1.0442,"17,171,697"
03/21/2015,03/25/2015,03/14,1.0712,"15,730,010"
03/21/2015,03/25/2015,03/21,1.0085,"20,309,303"
03/14/2015,03/18/2015,03/14,1.0724,"15,699,807"
03/14/2015,03/18/2015,03/07,1.0443,"17,129,700"
03/14/2015,03/18/2015,02/28,1.0580,"26,220,759"
03/14/2015,03/18/2015,02/21,1.0194,"27,456,106"
03/14/2015,03/18/2015,02/14,1.0233,"23,175,317"
03/07/2015,03/11/2015,02/07,1.0200,"19,758,351"
03/07/2015,03/11/2015,02/14,1.0230,"22,960,151"
03/07/2015,03/11/2015,02/21,1.0194,"27,456,006"
03/07/2015,03/11/2015,02/28,1.0580,"26,220,759"
03/07/2015,03/11/2015,03/07,1.0463,"16,964,521"
02/28/2015,03/04/2015,02/28,1.0580,"26,221,144"
02/28/2015,03/04/2015,02/21,1.0194,"27,456,006"
02/28/2015,03/04/2015,02/14,1.0230,"22,960,151"
02/28/2015,03/04/2015,02/07,1.0193,"19,588,301"
02/28/2015,03/04/2015,01/31,.9713,"33,819,312"
02/21/2015,02/25/2015,01/24,.9987,"22,851,544"
02/21/2015,02/25/2015,01/31,.9713,"33,819,312"
02/21/2015,02/25/2015,02/07,1.0194,"19,588,302"
02/21/2015,02/25/2015,02/14,1.0231,"22,918,151"
02/21/2015,02/25/2015,02/21,1.0189,"27,248,665"
02/14/2015,02/19/2015,02/14,1.0230,"22,232,140"
02/14/2015,02/19/2015,02/07,1.0194,"19,588,301"
02/14/2015,02/19/2015,01/31,.9712,"33,819,311"
02/14/2015,02/19/2015,01/24,.9988,"22,809,799"
02/14/2015,02/19/2015,01/17,1.0090,"26,036,751"
02/07/2015,02/11/2015,01/10,1.0449,"21,954,611"
02/07/2015,02/11/2015,01/17,1.0098,"26,119,672"
02/07/2015,02/11/2015,01/24,1.0020,"22,809,799"
02/07/2015,02/11/2015,01/31,.9726,"33,944,718"
02/07/2015,02/11/2015,02/07,1.0194,"19,256,143"
01/31/2015,02/04/2015,01/31,.9737,"33,817,711"
01/31/2015,02/04/2015,01/24,1.0020,"22,809,854"
01/31/2015,02/04/2015,01/17,1.0098,"26,119,672"
01/31/2015,02/04/2015,01/10,1.0452,"21,912,707"
01/31/2015,02/04/2015,01/03,1.1437,"13,817,426"
01/24/2015,01/28/2015,12/27,1.1698,"11,625,091"
01/24/2015,01/28/2015,01/03,1.1457,"13,607,539"
01/24/2015,01/28/2015,01/10,1.0452,"21,912,707"
01/24/2015,01/28/2015,01/17,1.0098,"26,121,895"
01/24/2015,01/28/2015,01/24,1.0022,"22,755,290"
01/17/2015,01/22/2015,01/17,1.0085,"25,855,580"
01/17/2015,01/22/2015,01/10,1.0452,"21,912,707"
01/17/2015,01/22/2015,01/03,1.1457,"13,607,539"
01/17/2015,01/22/2015,12/27,1.1698,"11,625,091"
01/17/2015,01/22/2015,12/20,1.2315,"18,137,407"
01/10/2015,01/14/2015,12/13,1.2480,"20,181,194"
01/10/2015,01/14/2015,12/20,1.2499,"16,796,447"
01/10/2015,01/14/2015,12/27,1.1698,"11,625,201"
01/10/2015,01/14/2015,01/03,1.1457,"13,607,539"
01/10/2015,01/14/2015,01/10,1.0618,"22,617,053"
01/03/2015,01/07/2015,01/03,1.1395,"13,082,732"
01/03/2015,01/07/2015,12/27,1.1698,"11,625,201"
01/03/2015,01/07/2015,12/20,1.2499,"16,796,447"
01/03/2015,01/07/2015,12/13,1.2551,"19,594,771"
01/03/2015,01/07/2015,12/06,1.3043,"20,173,602"
12/27/2014,12/31/2014,11/29,1.3318,"16,888,709"
12/27/2014,12/31/2014,12/06,1.3098,"19,753,602"
12/27/2014,12/31/2014,12/13,1.2551,"19,594,771"
12/27/2014,12/31/2014,12/20,1.2499,"16,796,447"
12/27/2014,12/31/2014,12/27,1.1700,"11,458,771"
12/20/2014,12/24/2014,12/20,1.2518,"16,586,283"
12/20/2014,12/24/2014,12/13,1.2551,"19,594,071"
12/20/2014,12/24/2014,12/06,1.3098,"19,753,602"
12/20/2014,12/24/2014,11/29,1.3318,"16,888,709"
12/20/2014,12/24/2014,11/22,1.3381,"22,105,731"
12/13/2014,12/17/2014,11/15,1.4405,"18,513,421"
12/13/2014,12/17/2014,11/22,1.3378,"22,114,549"
12/13/2014,12/17/2014,11/29,1.3318,"16,888,709"
12/13/2014,12/17/2014,12/06,1.3098,"19,753,602"
12/13/2014,12/17/2014,12/13,1.2550,"19,414,918"
12/06/2014,12/10/2014,12/06,1.3100,"19,568,454"
12/06/2014,12/10/2014,11/29,1.3318,"16,888,709"
12/06/2014,12/10/2014,11/22,1.3379,"22,114,549"
12/06/2014,12/10/2014,11/15,1.4405,"18,513,421"
12/06/2014,12/10/2014,11/08,1.4629,"16,718,949"
11/29/2014,12/03/2014,11/01,1.4578,"17,067,915"
11/29/2014,12/03/2014,11/08,1.4629,"16,718,949"
11/29/2014,12/03/2014,11/15,1.4405,"18,513,421"
11/29/2014,12/03/2014,11/22,1.3379,"22,114,604"
11/29/2014,12/03/2014,11/29,1.3313,"16,846,822"
11/22/2014,11/26/2014,11/22,1.3380,"22,031,838"
11/22/2014,11/26/2014,11/15,1.4405,"18,515,645"
11/22/2014,11/26/2014,11/08,1.4630,"16,718,949"
11/22/2014,11/26/2014,11/01,1.4578,"17,067,915"
11/22/2014,11/26/2014,10/25,1.4910,"17,010,807"
11/15/2014,11/19/2014,10/18,1.5117,"18,075,979"
11/15/2014,11/19/2014,10/25,1.4915,"17,050,807"
11/15/2014,11/19/2014,11/01,1.4578,"17,067,915"
11/15/2014,11/19/2014,11/08,1.4630,"16,718,949"
11/15/2014,11/19/2014,11/15,1.4414,"18,296,910"
11/08/2014,11/13/2014,11/08,1.4633,"16,580,555"
11/08/2014,11/13/2014,11/01,1.4578,"17,067,915"
11/08/2014,11/13/2014,10/25,1.4915,"17,050,807"
11/08/2014,11/13/2014,10/18,1.5118,"17,949,446"
11/08/2014,11/13/2014,10/11,1.4950,"16,531,854"
11/01/2014,11/05/2014,10/04,1.4927,"17,566,414"
11/01/2014,11/05/2014,10/11,1.4950,"16,550,593"
11/01/2014,11/05/2014,10/18,1.5118,"17,949,446"
11/01/2014,11/05/2014,10/25,1.4915,"17,053,007"
11/01/2014,11/05/2014,11/01,1.4578,"17,067,915"
10/25/2014,10/29/2014,10/25,1.4915,"17,053,007"
10/25/2014,10/29/2014,10/18,1.5118,"17,949,447"
10/25/2014,10/29/2014,10/11,1.4950,"16,550,593"
10/25/2014,10/29/2014,10/04,1.4931,"17,542,219"
10/25/2014,10/29/2014,09/27,1.4427,"40,625,912"
10/18/2014,10/22/2014,09/20,1.5121,"21,422,541"
10/18/2014,10/22/2014,09/27,1.4427,"40,625,912"
10/18/2014,10/22/2014,10/04,1.4931,"17,542,219"
10/18/2014,10/22/2014,10/11,1.4953,"16,508,093"
10/18/2014,10/22/2014,10/18,1.5147,"17,033,791"
10/11/2014,10/16/2014,10/11,1.4953,"16,424,869"
10/11/2014,10/16/2014,10/04,1.4931,"17,541,875"
10/11/2014,10/16/2014,09/27,1.4427,"40,625,912"
10/11/2014,10/16/2014,09/20,1.5120,"21,389,700"
10/11/2014,10/16/2014,09/13,1.4692,"37,128,489"
10/04/2014,10/08/2014,09/06,1.4862,"37,450,381"
10/04/2014,10/08/2014,09/13,1.4678,"37,002,614"
10/04/2014,10/08/2014,09/20,1.5120,"21,389,700"
10/04/2014,10/08/2014,09/27,1.4427,"40,625,912"
10/04/2014,10/08/2014,10/04,1.4925,"17,334,878"
09/27/2014,10/01/2014,09/27,1.4422,"40,800,023"
09/27/2014,10/01/2014,09/20,1.5120,"21,391,900"
09/27/2014,10/01/2014,09/13,1.4678,"37,003,055"
09/27/2014,10/01/2014,09/06,1.4849,"37,324,924"
09/27/2014,10/01/2014,08/30,1.7222,"20,872,904"
09/20/2014,09/24/2014,08/23,1.7882,"19,670,387"
09/20/2014,09/24/2014,08/30,1.7222,"20,872,904"
09/20/2014,09/24/2014,09/06,1.4849,"37,324,924"
09/20/2014,09/24/2014,09/13,1.4678,"37,003,331"
09/20/2014,09/24/2014,09/20,1.5124,"21,350,013"
09/13/2014,09/17/2014,09/13,1.4683,"36,964,957"
09/13/2014,09/17/2014,09/06,1.4849,"37,324,979"
09/13/2014,09/17/2014,08/30,1.7222,"20,872,904"
09/13/2014,09/17/2014,08/23,1.7882,"19,671,261"
09/13/2014,09/17/2014,08/16,1.8113,"18,865,435"
09/06/2014,09/10/2014,08/09,1.7903,"18,494,226"
09/06/2014,09/10/2014,08/16,1.8114,"18,851,321"
09/06/2014,09/10/2014,08/23,1.7883,"19,670,387"
09/06/2014,09/10/2014,08/30,1.7224,"20,872,904"
09/06/2014,09/10/2014,09/06,1.4825,"37,008,975"
08/30/2014,09/04/2014,08/30,1.7223,"20,663,836"
08/30/2014,09/04/2014,08/23,1.7883,"19,670,387"
08/30/2014,09/04/2014,08/16,1.8110,"18,798,626"
08/30/2014,09/04/2014,08/09,1.7903,"18,494,226"
08/30/2014,09/04/2014,08/02,1.8418,"17,614,308"
08/23/2014,08/27/2014,07/26,1.8371,"19,467,926"
08/23/2014,08/27/2014,08/02,1.8418,"17,614,308"
08/23/2014,08/27/2014,08/09,1.7907,"18,577,726"
08/23/2014,08/27/2014,08/16,1.8116,"18,798,626"
08/23/2014,08/27/2014,08/23,1.7887,"19,606,448"
08/16/2014,08/20/2014,08/16,1.8118,"18,715,742"
08/16/2014,08/20/2014,08/09,1.7921,"18,577,726"
08/16/2014,08/20/2014,08/02,1.8415,"17,530,477"
08/16/2014,08/20/2014,07/26,1.8373,"19,509,813"
08/16/2014,08/20/2014,07/19,1.8695,"19,174,843"
08/09/2014,08/13/2014,07/12,1.8832,"18,873,213"
08/09/2014,08/13/2014,07/19,1.8695,"19,174,843"
08/09/2014,08/13/2014,07/26,1.8373,"19,509,813"
08/09/2014,08/13/2014,08/02,1.8415,"17,530,477"
08/09/2014,08/13/2014,08/09,1.7958,"18,094,075"
08/02/2014,08/06/2014,08/02,1.8412,"17,405,384"
08/02/2014,08/06/2014,07/26,1.8373,"19,512,031"
08/02/2014,08/06/2014,07/19,1.8695,"19,177,060"
08/02/2014,08/06/2014,07/12,1.8832,"18,873,213"
08/02/2014,08/06/2014,07/05,1.8581,"22,354,811"
07/26/2014,07/30/2014,06/28,1.8793,"19,360,971"
07/26/2014,07/30/2014,07/05,1.8581,"22,354,811"
07/26/2014,07/30/2014,07/12,1.8832,"18,873,213"
07/26/2014,07/30/2014,07/19,1.8695,"19,177,060"
07/26/2014,07/30/2014,07/26,1.8371,"19,346,335"
07/19/2014,07/23/2014,07/19,1.8694,"18,913,681"
07/19/2014,07/23/2014,07/12,1.8832,"18,873,268"
07/19/2014,07/23/2014,07/05,1.8581,"22,354,811"
07/19/2014,07/23/2014,06/28,1.8793,"19,360,969"
07/19/2014,07/23/2014,06/21,1.8734,"18,073,791"
07/12/2014,07/16/2014,06/14,1.8621,"22,986,925"
07/12/2014,07/16/2014,06/21,1.8734,"18,073,791"
07/12/2014,07/16/2014,06/28,1.8793,"19,363,780"
07/12/2014,07/16/2014,07/05,1.8586,"22,354,811"
07/12/2014,07/16/2014,07/12,1.8845,"18,618,029"
07/05/2014,07/09/2014,07/05,1.8585,"22,306,200"
07/05/2014,07/09/2014,06/28,1.8793,"19,363,780"
07/05/2014,07/09/2014,06/21,1.8734,"18,029,699"
07/05/2014,07/09/2014,06/14,1.8621,"22,986,925"
07/05/2014,07/09/2014,06/07,1.8429,"22,484,842"
06/28/2014,07/02/2014,05/31,1.8902,"21,704,907"
06/28/2014,07/02/2014,06/07,1.8427,"22,528,842"
06/28/2014,07/02/2014,06/14,1.8621,"22,986,925"
06/28/2014,07/02/2014,06/21,1.8734,"18,029,699"
06/28/2014,07/02/2014,06/28,1.8796,"18,945,181"
06/21/2014,06/25/2014,06/21,1.8731,"18,014,931"
06/21/2014,06/25/2014,06/14,1.8621,"22,986,925"
06/21/2014,06/25/2014,06/07,1.8427,"22,528,842"
06/21/2014,06/25/2014,05/31,1.8901,"21,704,411"
06/21/2014,06/25/2014,05/24,1.8143,"36,279,431"
06/14/2014,06/18/2014,05/17,1.8554,"29,360,118"
06/14/2014,06/18/2014,05/24,1.8143,"36,279,486"
06/14/2014,06/18/2014,05/31,1.8901,"21,704,411"
06/14/2014,06/18/2014,06/07,1.8427,"22,528,842"
06/14/2014,06/18/2014,06/14,1.8624,"22,837,013"
06/07/2014,06/11/2014,06/07,1.8435,"22,318,229"
06/07/2014,06/11/2014,05/31,1.8901,"21,704,411"
06/07/2014,06/11/2014,05/24,1.8143,"36,281,686"
06/07/2014,06/11/2014,05/17,1.8554,"29,360,118"
06/07/2014,06/11/2014,05/10,1.8983,"29,032,948"
05/31/2014,06/04/2014,05/03,1.9471,"28,150,286"
05/31/2014,06/04/2014,05/10,1.8983,"29,032,948"
05/31/2014,06/04/2014,05/17,1.8554,"29,360,118"
05/31/2014,06/04/2014,05/24,1.8143,"36,281,686"
05/31/2014,06/04/2014,05/31,1.8901,"21,704,687"
05/24/2014,05/29/2014,05/24,1.8143,"36,265,429"
05/24/2014,05/29/2014,05/17,1.8554,"29,360,118"
05/24/2014,05/29/2014,05/10,1.8983,"29,032,948"
05/24/2014,05/29/2014,05/03,1.9473,"28,150,286"
05/24/2014,05/29/2014,04/26,2.0145,"19,166,675"
05/17/2014,05/21/2014,04/19,2.0125,"21,487,607"
05/17/2014,05/21/2014,04/26,2.0145,"19,166,675"
05/17/2014,05/21/2014,05/03,1.9475,"28,196,630"
05/17/2014,05/21/2014,05/10,1.8983,"29,032,948"
05/17/2014,05/21/2014,05/17,1.8556,"29,316,026"
05/10/2014,05/14/2014,05/10,1.8987,"28,897,396"
05/10/2014,05/14/2014,05/03,1.9475,"28,196,630"
05/10/2014,05/14/2014,04/26,2.0139,"19,208,675"
05/10/2014,05/14/2014,04/19,2.0125,"21,487,607"
05/10/2014,05/14/2014,04/12,2.0015,"27,768,394"
05/03/2014,05/07/2014,04/05,2.0510,"24,268,725"
05/03/2014,05/07/2014,04/12,2.0015,"27,768,394"
05/03/2014,05/07/2014,04/19,2.0125,"21,487,607"
05/03/2014,05/07/2014,04/26,2.0139,"19,208,675"
05/03/2014,05/07/2014,05/03,1.9473,"28,217,139"
04/26/2014,04/30/2014,04/26,2.0173,"18,908,679"
04/26/2014,04/30/2014,04/19,2.0112,"21,487,607"
04/26/2014,04/30/2014,04/12,1.9986,"27,768,394"
04/26/2014,04/30/2014,04/05,2.0510,"24,268,725"
04/26/2014,04/30/2014,03/29,2.0730,"20,311,337"
04/19/2014,04/23/2014,03/22,2.0857,"17,200,017"
04/19/2014,04/23/2014,03/29,2.0730,"20,311,337"
04/19/2014,04/23/2014,04/05,2.0510,"24,268,725"
04/19/2014,04/23/2014,04/12,1.9986,"27,768,504"
04/19/2014,04/23/2014,04/19,2.0110,"21,446,419"
04/12/2014,04/16/2014,04/12,1.9989,"27,682,766"
04/12/2014,04/16/2014,04/05,2.0522,"24,268,725"
04/12/2014,04/16/2014,03/29,2.0730,"20,311,337"
04/12/2014,04/16/2014,03/22,2.0857,"17,200,017"
04/12/2014,04/16/2014,03/15,2.0988,"17,735,642"
04/05/2014,04/09/2014,03/08,2.1026,"17,829,678"
04/05/2014,04/09/2014,03/15,2.0988,"17,735,642"
04/05/2014,04/09/2014,03/22,2.0857,"17,199,017"
04/05/2014,04/09/2014,03/29,2.0730,"20,311,558"
04/05/2014,04/09/2014,04/05,2.0524,"23,869,288"
03/29/2014,04/02/2014,03/29,2.0734,"20,144,671"
03/29/2014,04/02/2014,03/22,2.0860,"17,160,391"
03/29/2014,04/02/2014,03/15,2.0988,"17,735,642"
03/29/2014,04/02/2014,03/08,2.1026,"17,829,678"
03/29/2014,04/02/2014,03/01,2.0833,"19,243,172"
03/22/2014,03/26/2014,02/22,2.0821,"17,770,338"
03/22/2014,03/26/2014,03/01,2.0830,"19,202,354"
03/22/2014,03/26/2014,03/08,2.1026,"17,831,902"
03/22/2014,03/26/2014,03/15,2.0988,"17,735,642"
03/22/2014,03/26/2014,03/22,2.0892,"16,787,532"
03/15/2014,03/19/2014,03/15,2.0984,"16,344,887"
03/15/2014,03/19/2014,03/08,2.1030,"16,988,862"
03/15/2014,03/19/2014,03/01,2.0852,"19,116,353"
03/15/2014,03/19/2014,02/22,2.0821,"17,770,338"
03/15/2014,03/19/2014,02/15,2.0771,"16,111,772"
03/08/2014,03/12/2014,02/08,2.0694,"20,580,175"
03/08/2014,03/12/2014,02/15,2.0771,"16,111,772"
03/08/2014,03/12/2014,02/22,2.0818,"17,758,338"
03/08/2014,03/12/2014,03/01,2.0852,"19,116,353"
03/08/2014,03/12/2014,03/08,2.1032,"16,822,501"
03/01/2014,03/05/2014,03/01,2.0855,"19,260,147"
03/01/2014,03/05/2014,02/22,2.0818,"17,758,338"
03/01/2014,03/05/2014,02/15,2.0771,"16,111,772"
03/01/2014,03/05/2014,02/08,2.0694,"20,580,175"
03/01/2014,03/05/2014,02/01,2.0635,"16,833,297"
02/22/2014,02/26/2014,01/25,2.0434,"17,947,704"
02/22/2014,02/26/2014,02/01,2.0635,"16,833,298"
02/22/2014,02/26/2014,02/08,2.0686,"23,694,515"
02/22/2014,02/26/2014,02/15,2.0766,"15,690,142"
02/22/2014,02/26/2014,02/22,2.0825,"17,084,214"
02/15/2014,02/20/2014,02/15,2.0766,"15,668,096"
02/15/2014,02/20/2014,02/08,2.0686,"23,654,963"
02/15/2014,02/20/2014,02/01,2.0637,"16,790,798"
02/15/2014,02/20/2014,01/25,2.0434,"17,947,704"
02/15/2014,02/20/2014,01/18,2.0360,"22,151,860"
02/08/2014,02/12/2014,01/11,2.0159,"18,600,280"
02/08/2014,02/12/2014,01/18,2.0360,"22,151,860"
02/08/2014,02/12/2014,01/25,2.0425,"17,988,536"
02/08/2014,02/12/2014,02/01,2.0638,"16,749,481"
02/08/2014,02/12/2014,02/08,2.0692,"23,417,968"
02/01/2014,02/05/2014,02/01,2.0638,"16,707,594"
02/01/2014,02/05/2014,01/25,2.0435,"17,784,526"
02/01/2014,02/05/2014,01/18,2.0360,"22,068,247"
02/01/2014,02/05/2014,01/11,2.0159,"18,600,556"
02/01/2014,02/05/2014,01/04,2.0050,"14,423,960"
01/25/2014,01/29/2014,12/28,1.9787,"7,751,145"
01/25/2014,01/29/2014,01/04,2.0050,"14,423,960"
01/25/2014,01/29/2014,01/11,2.0160,"18,475,088"
01/25/2014,01/29/2014,01/18,2.0359,"21,928,156"
01/25/2014,01/29/2014,01/25,2.0434,"17,701,815"
01/18/2014,01/23/2014,01/18,2.0362,"21,888,317"
01/18/2014,01/23/2014,01/11,2.0160,"18,475,088"
01/18/2014,01/23/2014,01/04,2.0050,"14,426,368"
01/18/2014,01/23/2014,12/28,1.9787,"7,751,145"
01/18/2014,01/23/2014,12/21,1.9690,"16,883,404"
01/11/2014,01/15/2014,12/14,1.9511,"16,792,042"
01/11/2014,01/15/2014,12/21,1.9690,"16,883,404"
01/11/2014,01/15/2014,12/28,1.9787,"7,751,145"
01/11/2014,01/15/2014,01/04,2.0039,"13,914,467"
01/11/2014,01/15/2014,01/11,2.0150,"18,130,668"
01/04/2014,01/08/2014,01/04,2.0029,"13,955,693"
01/04/2014,01/08/2014,12/28,1.9787,"7,751,145"
01/04/2014,01/08/2014,12/21,1.9624,"17,171,041"
01/04/2014,01/08/2014,12/14,1.9475,"16,744,150"
01/04/2014,01/08/2014,12/07,1.9356,"13,355,929"
12/28/2013,01/02/2014,11/30,1.9094,"11,530,896"
12/28/2013,01/02/2014,12/07,1.9362,"13,355,929"
12/28/2013,01/02/2014,12/14,1.9472,"16,618,631"
12/28/2013,01/02/2014,12/21,1.9625,"17,171,041"
12/28/2013,01/02/2014,12/28,1.9785,"7,709,258"
12/21/2013,12/26/2013,12/21,1.9625,"17,171,041"
12/21/2013,12/26/2013,12/14,1.9472,"16,618,631"
12/21/2013,12/26/2013,12/07,1.9362,"13,355,929"
12/21/2013,12/26/2013,11/30,1.9094,"11,530,896"
12/21/2013,12/26/2013,11/23,1.9023,"14,383,219"
12/14/2013,12/18/2013,11/16,1.8918,"12,921,238"
12/14/2013,12/18/2013,11/23,1.9023,"14,383,219"
12/14/2013,12/18/2013,11/30,1.9094,"11,530,896"
12/14/2013,12/18/2013,12/07,1.9362,"13,355,929"
12/14/2013,12/18/2013,12/14,1.9472,"16,618,631"
12/07/2013,12/11/2013,12/07,1.9363,"13,355,929"
12/07/2013,12/11/2013,11/30,1.9094,"11,530,896"
12/07/2013,12/11/2013,11/23,1.9023,"14,383,219"
12/07/2013,12/11/2013,11/16,1.8919,"12,874,501"
12/07/2013,12/11/2013,11/09,1.8809,"13,855,940"
11/30/2013,12/04/2013,11/02,1.8633,"12,904,099"
11/30/2013,12/04/2013,11/09,1.8809,"13,855,940"
11/30/2013,12/04/2013,11/16,1.8919,"12,874,501"
11/30/2013,12/04/2013,11/23,1.9023,"14,383,219"
11/30/2013,12/04/2013,11/30,1.9092,"11,365,234"
11/23/2013,11/27/2013,11/23,1.9023,"14,383,220"
11/23/2013,11/27/2013,11/16,1.8919,"12,874,501"
11/23/2013,11/27/2013,11/09,1.8809,"13,855,940"
11/23/2013,11/27/2013,11/02,1.8633,"12,904,099"
11/23/2013,11/27/2013,10/26,1.8453,"15,482,888"
11/16/2013,11/20/2013,10/19,1.8430,"15,790,269"
11/16/2013,11/20/2013,10/26,1.8453,"15,482,888"
11/16/2013,11/20/2013,11/02,1.8615,"11,407,507"
11/16/2013,11/20/2013,11/09,1.8801,"13,683,981"
11/16/2013,11/20/2013,11/16,1.8914,"12,795,734"
11/09/2013,11/14/2013,11/09,1.8799,"13,725,868"
11/09/2013,11/14/2013,11/02,1.8615,"11,407,507"
11/09/2013,11/14/2013,10/26,1.8455,"15,482,888"
11/09/2013,11/14/2013,10/19,1.8432,"15,790,269"
11/09/2013,11/14/2013,10/12,1.8284,0
11/02/2013,11/06/2013,10/05,1.8289,0
11/02/2013,11/06/2013,10/12,1.8284,0
11/02/2013,11/06/2013,10/19,1.8432,"15,790,269"
11/02/2013,11/06/2013,10/26,1.8455,"15,482,888"
11/02/2013,11/06/2013,11/02,1.8616,"11,407,507"
10/26/2013,10/30/2013,10/26,1.8457,"15,360,130"
10/26/2013,10/30/2013,10/19,1.8432,"15,795,186"
10/26/2013,10/30/2013,10/12,1.8284,0
10/26/2013,10/30/2013,10/05,1.8289,0
10/26/2013,10/30/2013,09/28,1.8196,0
10/19/2013,10/23/2013,09/21,1.8149,"16,354,336"
10/19/2013,10/23/2013,09/28,1.8196,0
10/19/2013,10/23/2013,10/05,1.8289,0
10/19/2013,10/23/2013,10/12,1.8284,0
10/19/2013,10/23/2013,10/19,1.8431,"15,797,396"
10/12/2013,10/23/2013,10/12,1.8284,0
10/12/2013,10/23/2013,10/05,1.8289,0
10/12/2013,10/23/2013,09/28,1.8196,0
10/12/2013,10/23/2013,09/21,1.8149,"16,354,336"
10/12/2013,10/23/2013,09/14,1.8043,"16,899,598"
10/05/2013,10/23/2013,09/07,1.7953,"12,384,269"
10/05/2013,10/23/2013,09/14,1.8043,"16,899,598"
10/05/2013,10/23/2013,09/21,1.8149,"16,354,336"
10/05/2013,10/23/2013,09/28,1.8196,0
10/05/2013,10/23/2013,10/05,1.8289,0
09/28/2013,10/23/2013,09/28,1.8196,0
09/28/2013,10/23/2013,09/21,1.8149,"16,354,336"
09/28/2013,10/23/2013,09/14,1.8043,"16,899,598"
09/28/2013,10/23/2013,09/07,1.7953,"12,384,269"
09/28/2013,10/23/2013,08/31,1.7843,"17,727,658"
09/21/2013,09/25/2013,08/24,1.7738,"13,301,351"
09/21/2013,09/25/2013,08/31,1.7843,"17,727,658"
09/21/2013,09/25/2013,09/07,1.7953,"12,384,269"
09/21/2013,09/25/2013,09/14,1.8043,"16,899,598"
09/21/2013,09/25/2013,09/21,1.8149,"16,354,336"
09/14/2013,09/18/2013,09/14,1.8048,"16,858,262"
09/14/2013,09/18/2013,09/07,1.7953,"12,384,269"
09/14/2013,09/18/2013,08/31,1.7843,"17,727,658"
09/14/2013,09/18/2013,08/24,1.7738,"13,301,351"
09/14/2013,09/18/2013,08/17,1.7713,"13,694,371"
09/07/2013,09/11/2013,08/10,1.7653,"17,089,413"
09/07/2013,09/11/2013,08/17,1.7713,"13,694,371"
09/07/2013,09/11/2013,08/24,1.7738,"13,301,351"
09/07/2013,09/11/2013,08/31,1.7843,"17,727,658"
09/07/2013,09/11/2013,09/07,1.7950,"12,299,833"
08/31/2013,09/05/2013,08/31,1.7839,"17,425,627"
08/31/2013,09/05/2013,08/24,1.7736,"13,258,851"
08/31/2013,09/05/2013,08/17,1.7713,"13,694,371"
08/31/2013,09/05/2013,08/10,1.7651,"17,133,505"
08/31/2013,09/05/2013,08/03,1.7592,"16,632,877"
08/24/2013,08/28/2013,07/27,1.7476,"16,409,740"
08/24/2013,08/28/2013,08/03,1.7592,"16,632,877"
08/24/2013,08/28/2013,08/10,1.7651,"17,133,505"
08/24/2013,08/28/2013,08/17,1.7713,"13,694,371"
08/24/2013,08/28/2013,08/24,1.7741,"13,088,851"
08/17/2013,08/21/2013,08/17,1.7713,"13,694,371"
08/17/2013,08/21/2013,08/10,1.7651,"17,135,560"
08/17/2013,08/21/2013,08/03,1.7588,"16,592,877"
08/17/2013,08/21/2013,07/27,1.7476,"16,409,740"
08/17/2013,08/21/2013,07/20,1.7354,"15,214,927"
08/10/2013,08/14/2013,07/13,1.7190,"18,989,378"
08/10/2013,08/14/2013,07/20,1.7357,"15,214,927"
08/10/2013,08/14/2013,07/27,1.7479,"16,409,740"
08/10/2013,08/14/2013,08/03,1.7588,"16,592,877"
08/10/2013,08/14/2013,08/10,1.7652,"17,135,674"
08/03/2013,08/07/2013,08/03,1.7595,"16,255,766"
08/03/2013,08/07/2013,07/27,1.7479,"16,409,740"
08/03/2013,08/07/2013,07/20,1.7357,"15,214,927"
08/03/2013,08/07/2013,07/13,1.7190,"18,989,378"
08/03/2013,08/07/2013,07/06,1.7055,"14,571,700"
07/27/2013,07/31/2013,06/29,1.6971,"21,536,246"
07/27/2013,07/31/2013,07/06,1.7055,"14,571,700"
07/27/2013,07/31/2013,07/13,1.7190,"18,989,378"
07/27/2013,07/31/2013,07/20,1.7357,"15,214,927"
07/27/2013,07/31/2013,07/27,1.7479,"16,409,740"
07/20/2013,07/24/2013,07/20,1.7357,"15,170,835"
07/20/2013,07/24/2013,07/13,1.7190,"18,989,378"
07/20/2013,07/24/2013,07/06,1.7055,"14,573,488"
07/20/2013,07/24/2013,06/29,1.6971,"21,536,246"
07/20/2013,07/24/2013,06/22,1.6874,"21,314,819"
07/13/2013,07/17/2013,06/15,1.6810,"21,944,670"
07/13/2013,07/17/2013,06/22,1.6874,"21,314,819"
07/13/2013,07/17/2013,06/29,1.6971,"21,536,246"
07/13/2013,07/17/2013,07/06,1.7055,"14,573,488"
07/13/2013,07/17/2013,07/13,1.7189,"18,946,768"
07/06/2013,07/10/2013,07/06,1.7060,"14,573,488"
07/06/2013,07/10/2013,06/29,1.6974,"21,536,246"
07/06/2013,07/10/2013,06/22,1.6877,"21,314,819"
07/06/2013,07/10/2013,06/15,1.6813,"21,944,670"
07/06/2013,07/10/2013,06/08,1.6839,"18,461,823"
06/29/2013,07/03/2013,06/01,1.6691,"13,786,322"
06/29/2013,07/03/2013,06/08,1.6839,"18,461,823"
06/29/2013,07/03/2013,06/15,1.6813,"21,944,670"
06/29/2013,07/03/2013,06/22,1.6877,"21,315,040"
06/29/2013,07/03/2013,06/29,1.6977,"21,536,246"
06/22/2013,06/26/2013,06/22,1.6878,"21,316,416"
06/22/2013,06/26/2013,06/15,1.6813,"21,944,670"
06/22/2013,06/26/2013,06/08,1.6839,"18,461,823"
06/22/2013,06/26/2013,06/01,1.6691,"13,786,322"
06/22/2013,06/26/2013,05/25,1.6566,"15,319,936"
06/15/2013,06/19/2013,05/18,1.6338,"17,136,184"
06/15/2013,06/19/2013,05/25,1.6566,"15,319,936"
06/15/2013,06/19/2013,06/01,1.6691,"13,786,322"
06/15/2013,06/19/2013,06/08,1.6839,"18,461,823"
06/15/2013,06/19/2013,06/15,1.6816,"22,120,873"
06/08/2013,06/12/2013,06/08,1.6839,"18,461,823"
06/08/2013,06/12/2013,06/01,1.6691,"13,786,322"
06/08/2013,06/12/2013,05/25,1.6566,"15,319,936"
06/08/2013,06/12/2013,05/18,1.6338,"17,136,184"
06/08/2013,06/12/2013,05/11,1.6397,"16,476,411"
06/01/2013,06/05/2013,05/04,1.6049,"21,652,916"
06/01/2013,06/05/2013,05/11,1.6397,"16,476,411"
06/01/2013,06/05/2013,05/18,1.6338,"17,136,184"
06/01/2013,06/05/2013,05/25,1.6566,"15,319,991"
06/01/2013,06/05/2013,06/01,1.6690,"13,704,377"
05/25/2013,05/30/2013,05/25,1.6560,"15,099,531"
05/25/2013,05/30/2013,05/18,1.6338,"17,136,184"
05/25/2013,05/30/2013,05/11,1.6397,"16,476,411"
05/25/2013,05/30/2013,05/04,1.6049,"21,652,815"
05/25/2013,05/30/2013,04/27,1.6014,"19,916,104"
05/18/2013,05/22/2013,04/20,1.5480,"23,120,798"
05/18/2013,05/22/2013,04/27,1.6014,"19,916,104"
05/18/2013,05/22/2013,05/04,1.6049,"21,652,815"
05/18/2013,05/22/2013,05/11,1.6397,"16,476,411"
05/18/2013,05/22/2013,05/18,1.6338,"17,133,979"
05/11/2013,05/15/2013,05/11,1.6396,"16,476,523"
05/11/2013,05/15/2013,05/04,1.6049,"21,652,815"
05/11/2013,05/15/2013,04/27,1.6014,"19,916,104"
05/11/2013,05/15/2013,04/20,1.5480,"23,120,798"
05/11/2013,05/15/2013,04/13,1.5113,"32,216,098"
05/04/2013,05/08/2013,04/06,1.4918,"28,598,567"
05/04/2013,05/08/2013,04/13,1.5113,"32,216,098"
05/04/2013,05/08/2013,04/20,1.5480,"23,120,798"
05/04/2013,05/08/2013,04/27,1.6014,"19,916,104"
05/04/2013,05/08/2013,05/04,1.6049,"21,574,926"
04/27/2013,05/01/2013,04/27,1.6015,"19,620,870"
04/27/2013,05/01/2013,04/20,1.5480,"23,121,739"
04/27/2013,05/01/2013,04/13,1.5113,"32,218,357"
04/27/2013,05/01/2013,04/06,1.4918,"28,598,567"
04/27/2013,05/01/2013,03/30,1.5068,"30,810,512"
04/20/2013,04/24/2013,03/23,1.5100,"29,872,919"
04/20/2013,04/24/2013,03/30,1.5068,"30,810,512"
04/20/2013,04/24/2013,04/06,1.4918,"28,598,567"
04/20/2013,04/24/2013,04/13,1.5113,"32,218,357"
04/20/2013,04/24/2013,04/20,1.5480,"23,123,955"
04/13/2013,04/17/2013,04/13,1.5113,"32,218,357"
04/13/2013,04/17/2013,04/06,1.4918,"28,598,567"
04/13/2013,04/17/2013,03/30,1.5068,"30,810,512"
04/13/2013,04/17/2013,03/23,1.5100,"29,875,321"
04/13/2013,04/17/2013,03/16,1.5164,"26,043,347"
04/06/2013,04/10/2013,03/09,1.5297,"16,273,664"
04/06/2013,04/10/2013,03/16,1.5164,"26,043,347"
04/06/2013,04/10/2013,03/23,1.5100,"29,875,046"
04/06/2013,04/10/2013,03/30,1.5068,"30,810,787"
04/06/2013,04/10/2013,04/06,1.4920,"28,639,848"
03/30/2013,04/03/2013,03/30,1.5066,"30,768,989"
03/30/2013,04/03/2013,03/23,1.5100,"29,875,321"
03/30/2013,04/03/2013,03/16,1.5164,"26,043,347"
03/30/2013,04/03/2013,03/09,1.5298,"16,273,664"
03/30/2013,04/03/2013,03/02,1.5510,"24,135,179"
03/23/2013,03/27/2013,02/23,1.5745,"15,137,536"
03/23/2013,03/27/2013,03/02,1.5510,"24,135,179"
03/23/2013,03/27/2013,03/09,1.5298,"16,273,664"
03/23/2013,03/27/2013,03/16,1.5164,"26,043,347"
03/23/2013,03/27/2013,03/23,1.5100,"29,875,321"
03/16/2013,03/20/2013,03/16,1.5169,"26,125,969"
03/16/2013,03/20/2013,03/09,1.5298,"16,273,664"
03/16/2013,03/20/2013,03/02,1.5510,"24,135,179"
03/16/2013,03/20/2013,02/23,1.5745,"15,137,536"
03/16/2013,03/20/2013,02/16,1.5575,"15,724,684"
03/09/2013,03/13/2013,02/09,1.5724,"12,355,543"
03/09/2013,03/13/2013,02/16,1.5577,"16,018,694"
03/09/2013,03/13/2013,02/23,1.5746,"15,306,066"
03/09/2013,03/13/2013,03/02,1.5510,"24,135,399"
03/09/2013,03/13/2013,03/09,1.5304,"16,442,542"
03/02/2013,03/06/2013,03/02,1.5510,"24,095,399"
03/02/2013,03/06/2013,02/23,1.5744,"15,347,954"
03/02/2013,03/06/2013,02/16,1.5577,"16,018,694"
03/02/2013,03/06/2013,02/09,1.5726,"12,355,543"
03/02/2013,03/06/2013,02/02,1.5383,"29,524,519"
02/23/2013,02/27/2013,01/26,1.5494,"20,949,624"
02/23/2013,02/27/2013,02/02,1.5383,"29,524,519"
02/23/2013,02/27/2013,02/09,1.5726,"12,355,543"
02/23/2013,02/27/2013,02/16,1.5577,"16,018,694"
02/23/2013,02/27/2013,02/23,1.5744,"15,347,954"
02/16/2013,02/21/2013,02/16,1.5577,"16,061,249"
02/16/2013,02/21/2013,02/09,1.5729,"12,528,974"
02/16/2013,02/21/2013,02/02,1.5380,"29,524,519"
02/16/2013,02/21/2013,01/26,1.5491,"20,949,624"
02/16/2013,02/21/2013,01/19,1.5714,"19,688,234"
02/09/2013,02/13/2013,01/12,1.5482,"17,302,942"
02/09/2013,02/13/2013,01/19,1.5714,"19,688,234"
02/09/2013,02/13/2013,01/26,1.5491,"20,949,624"
02/09/2013,02/13/2013,02/02,1.5380,"29,524,519"
02/09/2013,02/13/2013,02/09,1.5731,"12,487,089"
02/02/2013,02/06/2013,02/02,1.5378,"29,398,338"
02/02/2013,02/06/2013,01/26,1.5491,"20,949,624"
02/02/2013,02/06/2013,01/19,1.5714,"19,688,234"
02/02/2013,02/06/2013,01/12,1.5482,"17,302,942"
02/02/2013,02/06/2013,01/05,1.5780,"11,921,449"
01/26/2013,01/30/2013,12/29,1.5193,"22,928,846"
01/26/2013,01/30/2013,01/05,1.5780,"11,921,449"
01/26/2013,01/30/2013,01/12,1.5482,"17,302,942"
01/26/2013,01/30/2013,01/19,1.5714,"19,688,234"
01/26/2013,01/30/2013,01/26,1.5492,"20,906,874"
01/19/2013,01/24/2013,01/19,1.5714,"19,695,531"
01/19/2013,01/24/2013,01/12,1.5482,"17,307,474"
01/19/2013,01/24/2013,01/05,1.5779,"11,921,449"
01/19/2013,01/24/2013,12/29,1.5193,"22,928,846"
01/19/2013,01/24/2013,12/22,1.5596,"12,471,858"
01/12/2013,01/16/2013,12/15,1.5456,"15,451,313"
01/12/2013,01/16/2013,12/22,1.5596,"12,471,858"
01/12/2013,01/16/2013,12/29,1.5193,"22,928,846"
01/12/2013,01/16/2013,01/05,1.5779,"11,921,499"
01/12/2013,01/16/2013,01/12,1.5482,"17,265,637"
01/05/2013,01/09/2013,01/05,1.5766,"11,996,797"
01/05/2013,01/09/2013,12/29,1.5193,"22,928,846"
01/05/2013,01/09/2013,12/22,1.5596,"12,471,858"
01/05/2013,01/09/2013,12/15,1.5456,"15,451,313"
01/05/2013,01/09/2013,12/08,1.5428,"14,455,291"
12/29/2012,01/03/2013,12/01,1.5301,"16,523,352"
12/29/2012,01/03/2013,12/08,1.5428,"14,455,291"
12/29/2012,01/03/2013,12/15,1.5456,"15,451,313"
12/29/2012,01/03/2013,12/22,1.5596,"12,471,858"
12/29/2012,01/03/2013,12/29,1.5193,"22,967,867"
12/22/2012,12/27/2012,12/22,1.5596,"12,302,358"
12/22/2012,12/27/2012,12/15,1.5456,"15,451,313"
12/22/2012,12/27/2012,12/08,1.5428,"14,455,291"
12/22/2012,12/27/2012,12/01,1.5301,"16,525,660"
12/22/2012,12/27/2012,11/24,1.5197,"11,903,265"
12/15/2012,12/19/2012,11/17,1.5160,"15,197,900"
12/15/2012,12/19/2012,11/24,1.5197,"11,903,265"
12/15/2012,12/19/2012,12/01,1.5301,"16,525,660"
12/15/2012,12/19/2012,12/08,1.5428,"14,455,291"
12/15/2012,12/19/2012,12/15,1.5456,"15,451,213"
12/08/2012,12/12/2012,12/08,1.5436,"14,370,691"
12/08/2012,12/12/2012,12/01,1.5301,"16,527,842"
12/08/2012,12/12/2012,11/24,1.5199,"11,947,459"
12/08/2012,12/12/2012,11/17,1.5165,"15,281,675"
12/08/2012,12/12/2012,11/10,1.5057,"14,753,322"
12/01/2012,12/05/2012,11/03,1.4941,"12,204,146"
12/01/2012,12/05/2012,11/10,1.5057,"14,753,322"
12/01/2012,12/05/2012,11/17,1.5165,"15,281,675"
12/01/2012,12/05/2012,11/24,1.5199,"11,947,459"
12/01/2012,12/05/2012,12/01,1.5310,"16,454,459"
11/24/2012,11/28/2012,11/24,1.5199,"11,947,459"
11/24/2012,11/28/2012,11/17,1.5165,"15,281,675"
11/24/2012,11/28/2012,11/10,1.5057,"14,753,322"
11/24/2012,11/28/2012,11/03,1.4939,"12,248,238"
11/24/2012,11/28/2012,10/27,1.4859,"11,489,667"
11/17/2012,11/21/2012,10/20,1.4718,"11,925,835"
11/17/2012,11/21/2012,10/27,1.4859,"11,489,667"
11/17/2012,11/21/2012,11/03,1.4939,"12,248,238"
11/17/2012,11/21/2012,11/10,1.5057,"14,753,322"
11/17/2012,11/21/2012,11/17,1.5165,"15,281,675"
11/10/2012,11/15/2012,11/10,1.5057,"14,753,322"
11/10/2012,11/15/2012,11/03,1.4939,"12,248,238"
11/10/2012,11/15/2012,10/27,1.4859,"11,489,667"
11/10/2012,11/15/2012,10/20,1.4718,"11,927,835"
11/10/2012,11/15/2012,10/13,1.4587,"14,183,908"
11/03/2012,11/07/2012,10/06,1.4402,"12,118,973"
11/03/2012,11/07/2012,10/13,1.4587,"14,183,908"
11/03/2012,11/07/2012,10/20,1.4718,"11,927,835"
11/03/2012,11/07/2012,10/27,1.4859,"11,487,467"
11/03/2012,11/07/2012,11/03,1.4916,"12,205,016"
10/27/2012,10/31/2012,10/27,1.4861,"11,446,030"
10/27/2012,10/31/2012,10/20,1.4718,"11,927,835"
10/27/2012,10/31/2012,10/13,1.4587,"14,183,908"
10/27/2012,10/31/2012,10/06,1.4402,"12,118,973"
10/27/2012,10/31/2012,09/29,1.4391,"9,894,619"
10/20/2012,10/24/2012,09/22,1.3932,"13,579,355"
10/20/2012,10/24/2012,09/29,1.4391,"9,894,619"
10/20/2012,10/24/2012,10/06,1.4402,"12,118,973"
10/20/2012,10/24/2012,10/13,1.4587,"14,183,908"
10/20/2012,10/24/2012,10/20,1.4718,"11,927,835"
10/13/2012,10/17/2012,10/13,1.4587,"14,183,908"
10/13/2012,10/17/2012,10/06,1.4405,"12,118,975"
10/13/2012,10/17/2012,09/29,1.4391,"9,894,619"
10/13/2012,10/17/2012,09/22,1.3938,"13,579,360"
10/13/2012,10/17/2012,09/15,1.3803,"12,820,301"
10/06/2012,10/11/2012,09/08,1.3623,"15,515,147"
10/06/2012,10/11/2012,09/15,1.3806,"12,820,302"
10/06/2012,10/11/2012,09/22,1.3941,"13,579,361"
10/06/2012,10/11/2012,09/29,1.4395,"9,894,620"
10/06/2012,10/11/2012,10/06,1.4409,"12,118,976"
09/29/2012,10/03/2012,09/29,1.4395,"9,894,621"
09/29/2012,10/03/2012,09/22,1.3941,"13,579,361"
09/29/2012,10/03/2012,09/15,1.3806,"12,820,302"
09/29/2012,10/03/2012,09/08,1.3623,"15,515,147"
09/29/2012,10/03/2012,09/01,1.3266,"13,494,639"
09/22/2012,09/26/2012,08/25,1.2955,"15,682,888"
09/22/2012,09/26/2012,09/01,1.3266,"13,494,639"
09/22/2012,09/26/2012,09/08,1.3624,"15,515,149"
09/22/2012,09/26/2012,09/15,1.3809,"12,820,303"
09/22/2012,09/26/2012,09/22,1.3943,"13,558,827"
09/15/2012,09/19/2012,09/15,1.3809,"12,820,303"
09/15/2012,09/19/2012,09/08,1.3624,"15,515,149"
09/15/2012,09/19/2012,09/01,1.3266,"13,494,639"
09/15/2012,09/19/2012,08/25,1.2957,"15,724,888"
09/15/2012,09/19/2012,08/18,1.2573,"15,651,726"
09/08/2012,09/12/2012,08/11,1.2438,"17,615,498"
09/08/2012,09/12/2012,08/18,1.2573,"15,651,726"
09/08/2012,09/12/2012,08/25,1.2957,"15,724,888"
09/08/2012,09/12/2012,09/01,1.3265,"13,497,139"
09/08/2012,09/12/2012,09/08,1.3622,"15,515,911"
09/01/2012,09/06/2012,09/01,1.3263,"13,326,460"
09/01/2012,09/06/2012,08/25,1.2960,"15,599,488"
09/01/2012,09/06/2012,08/18,1.2573,"15,651,726"
09/01/2012,09/06/2012,08/11,1.2438,"17,615,498"
09/01/2012,09/06/2012,08/04,1.2145,"12,927,686"
08/25/2012,08/29/2012,07/28,1.1990,"15,059,697"
08/25/2012,08/29/2012,08/04,1.2145,"12,927,686"
08/25/2012,08/29/2012,08/11,1.2439,"17,615,499"
08/25/2012,08/29/2012,08/18,1.2573,"15,651,726"
08/25/2012,08/29/2012,08/25,1.2955,"15,725,977"
08/18/2012,08/22/2012,08/18,1.2575,"15,609,839"
08/18/2012,08/22/2012,08/11,1.2468,"17,573,612"
08/18/2012,08/22/2012,08/04,1.2144,"12,969,849"
08/18/2012,08/22/2012,07/28,1.1990,"15,059,697"
08/18/2012,08/22/2012,07/21,1.1761,"17,359,050"
08/11/2012,08/15/2012,07/14,1.1586,"17,261,958"
08/11/2012,08/15/2012,07/21,1.1761,"17,359,050"
08/11/2012,08/15/2012,07/28,1.1990,"15,059,697"
08/11/2012,08/15/2012,08/04,1.2144,"12,969,849"
08/11/2012,08/15/2012,08/11,1.2467,"17,487,632"
08/04/2012,08/08/2012,08/04,1.2144,"12,927,686"
08/04/2012,08/08/2012,07/28,1.1990,"15,059,697"
08/04/2012,08/08/2012,07/21,1.1761,"17,359,050"
08/04/2012,08/08/2012,07/14,1.1586,"17,261,958"
08/04/2012,08/08/2012,07/07,1.1607,"11,545,394"
07/28/2012,08/01/2012,06/30,1.0978,"35,689,102"
07/28/2012,08/01/2012,07/07,1.1607,"11,545,394"
07/28/2012,08/01/2012,07/14,1.1586,"17,261,958"
07/28/2012,08/01/2012,07/21,1.1761,"17,359,050"
07/28/2012,08/01/2012,07/28,1.2014,"14,979,910"
07/21/2012,07/25/2012,07/21,1.1759,"17,275,087"
07/21/2012,07/25/2012,07/14,1.1586,"17,261,958"
07/21/2012,07/25/2012,07/07,1.1607,"11,545,395"
07/21/2012,07/25/2012,06/30,1.0978,"35,689,102"
07/21/2012,07/25/2012,06/23,1.1091,"32,557,461"
07/14/2012,07/18/2012,06/16,1.1019,"30,234,057"
07/14/2012,07/18/2012,06/23,1.1091,"32,557,461"
07/14/2012,07/18/2012,06/30,1.0978,"35,689,102"
07/14/2012,07/18/2012,07/07,1.1608,"11,505,145"
07/14/2012,07/18/2012,07/14,1.1575,"17,424,379"
07/07/2012,07/11/2012,07/07,1.1597,"11,368,920"
07/07/2012,07/11/2012,06/30,1.0978,"35,689,102"
07/07/2012,07/11/2012,06/23,1.1090,"32,599,624"
07/07/2012,07/11/2012,06/16,1.1019,"30,234,057"
07/07/2012,07/11/2012,06/09,1.1077,"28,079,381"
06/30/2012,07/05/2012,06/02,1.0966,"30,770,453"
06/30/2012,07/05/2012,06/09,1.1073,"27,994,381"
06/30/2012,07/05/2012,06/16,1.1019,"30,234,060"
06/30/2012,07/05/2012,06/23,1.1090,"32,599,624"
06/30/2012,07/05/2012,06/30,1.0977,"35,647,215"
06/23/2012,06/27/2012,06/23,1.1090,"32,599,624"
06/23/2012,06/27/2012,06/16,1.1016,"30,151,388"
06/23/2012,06/27/2012,06/09,1.1054,"27,587,392"
06/23/2012,06/27/2012,06/02,1.0964,"30,769,117"
06/23/2012,06/27/2012,05/26,1.1319,"34,745,041"
06/16/2012,06/20/2012,05/19,1.1449,"32,695,694"
06/16/2012,06/20/2012,05/26,1.1319,"34,745,041"
06/16/2012,06/20/2012,06/02,1.0957,"30,602,040"
06/16/2012,06/20/2012,06/09,1.1021,"26,903,776"
06/16/2012,06/20/2012,06/16,1.0997,"29,697,756"
06/09/2012,06/13/2012,06/09,1.1022,"26,774,802"
06/09/2012,06/13/2012,06/02,1.0957,"30,601,990"
06/09/2012,06/13/2012,05/26,1.1319,"34,752,541"
06/09/2012,06/13/2012,05/19,1.1449,"32,695,694"
06/09/2012,06/13/2012,05/12,1.1473,"27,024,186"
06/02/2012,06/06/2012,05/05,1.2167,"21,908,489"
06/02/2012,06/06/2012,05/12,1.1473,"27,024,186"
06/02/2012,06/06/2012,05/19,1.1448,"32,695,694"
06/02/2012,06/06/2012,05/26,1.1316,"34,500,264"
06/02/2012,06/06/2012,06/02,1.0957,"30,601,990"
05/26/2012,05/31/2012,05/26,1.1317,"34,457,764"
05/26/2012,05/31/2012,05/19,1.1448,"32,695,694"
05/26/2012,05/31/2012,05/12,1.1473,"27,024,186"
05/26/2012,05/31/2012,05/05,1.2167,"21,908,489"
05/26/2012,05/31/2012,04/28,1.2177,"27,541,867"
05/19/2012,05/23/2012,04/21,1.2413,"26,308,846"
05/19/2012,05/23/2012,04/28,1.2177,"27,541,702"
05/19/2012,05/23/2012,05/05,1.2167,"21,908,489"
05/19/2012,05/23/2012,05/12,1.1473,"27,024,186"
05/19/2012,05/23/2012,05/19,1.1449,"32,735,694"
05/12/2012,05/16/2012,05/12,1.1467,"26,874,383"
05/12/2012,05/16/2012,05/05,1.2169,"21,910,537"
05/12/2012,05/16/2012,04/28,1.2177,"27,541,702"
05/12/2012,05/16/2012,04/21,1.2413,"26,308,956"
05/12/2012,05/16/2012,04/14,1.2667,"25,589,620"
05/05/2012,05/09/2012,04/07,1.2619,"22,553,702"
05/05/2012,05/09/2012,04/14,1.2667,"25,589,619"
05/05/2012,05/09/2012,04/21,1.2413,"26,308,955"
05/05/2012,05/09/2012,04/28,1.2175,"27,499,359"
05/05/2012,05/09/2012,05/05,1.2169,"21,910,537"
04/28/2012,05/02/2012,04/28,1.2180,"27,309,819"
04/28/2012,05/02/2012,04/21,1.2415,"26,350,291"
04/28/2012,05/02/2012,04/14,1.2667,"25,589,619"
04/28/2012,05/02/2012,04/07,1.2619,"22,553,702"
04/28/2012,05/02/2012,03/31,1.2745,"23,706,286"
04/21/2012,04/25/2012,03/24,1.3008,"28,521,183"
04/21/2012,04/25/2012,03/31,1.2745,"23,706,286"
04/21/2012,04/25/2012,04/07,1.2619,"22,553,702"
04/21/2012,04/25/2012,04/14,1.2667,"25,589,619"
04/21/2012,04/25/2012,04/21,1.2404,"26,198,896"
04/14/2012,04/18/2012,04/14,1.2672,"25,380,070"
04/14/2012,04/18/2012,04/07,1.2607,"22,311,936"
04/14/2012,04/18/2012,03/31,1.2747,"23,622,399"
04/14/2012,04/18/2012,03/24,1.3008,"28,521,183"
04/14/2012,04/18/2012,03/17,1.3256,"23,438,045"
04/07/2012,04/11/2012,03/10,1.3408,"22,506,612"
04/07/2012,04/11/2012,03/17,1.3256,"23,438,045"
04/07/2012,04/11/2012,03/24,1.3007,"28,521,183"
04/07/2012,04/11/2012,03/31,1.2747,"23,622,399"
04/07/2012,04/11/2012,04/07,1.2605,"22,270,600"
03/31/2012,04/04/2012,03/31,1.2965,"22,648,086"
03/31/2012,04/04/2012,03/24,1.3352,"27,690,325"
03/31/2012,04/04/2012,03/17,1.3261,"23,438,045"
03/31/2012,04/04/2012,03/10,1.3408,"22,506,612"
03/31/2012,04/04/2012,03/03,1.3641,"19,101,202"
