Week Ending Date,Report Date,Date,Weighted Price,Weighted Price adjusted to 38% moisture,Sales,Moisture Content
08/19/2017,08/23/2017,07/22,1.5238,1.4489,"9,233,624",34.79
08/19/2017,08/23/2017,07/29,1.5636,1.4863,"10,948,266",34.77
08/19/2017,08/23/2017,08/05,1.5891,1.5113,"11,520,370",34.81
08/19/2017,08/23/2017,08/12,1.6360,1.5526,"10,741,788",34.67
08/19/2017,08/23/2017,08/19,1.6543,1.5738,"11,131,479",34.83
08/12/2017,08/16/2017,08/12,1.6360,1.5526,"10,752,293",34.67
08/12/2017,08/16/2017,08/05,1.5891,1.5113,"11,520,371",34.81
08/12/2017,08/16/2017,07/29,1.5636,1.4863,"10,948,267",34.77
08/12/2017,08/16/2017,07/22,1.5238,1.4489,"9,233,624",34.80
08/12/2017,08/16/2017,07/15,1.4880,1.4164,"13,441,457",34.87
08/05/2017,08/09/2017,07/08,1.4911,1.4204,"10,796,511",34.91
08/05/2017,08/09/2017,07/15,1.4880,1.4164,"13,441,457",34.87
08/05/2017,08/09/2017,07/22,1.5238,1.4489,"9,233,624",34.80
08/05/2017,08/09/2017,07/29,1.5636,1.4863,"10,948,267",34.77
08/05/2017,08/09/2017,08/05,1.5902,1.5124,"11,361,822",34.81
07/29/2017,08/02/2017,07/29,1.5636,1.4863,"10,935,962",34.77
07/29/2017,08/02/2017,07/22,1.5238,1.4489,"9,233,624",34.80
07/29/2017,08/02/2017,07/15,1.4880,1.4164,"13,441,457",34.87
07/29/2017,08/02/2017,07/08,1.4911,1.4204,"10,796,511",34.91
07/29/2017,08/02/2017,07/01,1.5125,1.4381,"12,210,435",34.79
07/22/2017,07/26/2017,06/24,1.5710,1.4943,"11,220,932",34.82
07/22/2017,07/26/2017,07/01,1.5125,1.4380,"12,210,435",34.79
07/22/2017,07/26/2017,07/08,1.4911,1.4204,"10,789,616",34.91
07/22/2017,07/26/2017,07/15,1.4887,1.4173,"12,831,031",34.88
07/22/2017,07/26/2017,07/22,1.5243,1.4493,"9,110,354",34.79
07/15/2017,07/19/2017,07/15,1.4893,1.4178,"12,765,578",34.88
07/15/2017,07/19/2017,07/08,1.4911,1.4204,"10,789,616",34.91
07/15/2017,07/19/2017,07/01,1.5125,1.4380,"12,210,435",34.79
07/15/2017,07/19/2017,06/24,1.5710,1.4943,"11,220,932",34.82
07/15/2017,07/19/2017,06/17,1.5987,1.5227,"11,656,724",34.90
07/08/2017,07/12/2017,06/10,1.6330,1.5547,"12,832,612",34.88
07/08/2017,07/12/2017,06/17,1.5987,1.5227,"11,656,724",34.90
07/08/2017,07/12/2017,06/24,1.5710,1.4943,"11,220,932",34.82
07/08/2017,07/12/2017,07/01,1.5125,1.4380,"12,210,435",34.79
07/08/2017,07/12/2017,07/08,1.4918,1.4211,"10,467,959",34.91
07/01/2017,07/06/2017,07/01,1.5147,1.4400,"11,798,391",34.78
07/01/2017,07/06/2017,06/24,1.5710,1.4943,"11,220,932",34.82
07/01/2017,07/06/2017,06/17,1.5987,1.5227,"11,656,724",34.90
07/01/2017,07/06/2017,06/10,1.6330,1.5547,"12,832,612",34.88
07/01/2017,07/06/2017,06/03,1.6128,1.5371,"11,961,197",34.95
06/24/2017,06/28/2017,05/27,1.6006,1.5278,"11,846,233",35.05
06/24/2017,06/28/2017,06/03,1.6128,1.5371,"11,961,197",34.95
06/24/2017,06/28/2017,06/10,1.6330,1.5547,"12,832,612",34.88
06/24/2017,06/28/2017,06/17,1.5987,1.5227,"11,656,724",34.90
06/24/2017,06/28/2017,06/24,1.5724,1.4957,"11,094,954",34.82
06/17/2017,06/21/2017,06/17,1.5994,1.5234,"11,574,235",34.91
06/17/2017,06/21/2017,06/10,1.6330,1.5547,"12,832,612",34.88
06/17/2017,06/21/2017,06/03,1.6128,1.5371,"11,961,197",34.95
06/17/2017,06/21/2017,05/27,1.6006,1.5278,"11,846,233",35.05
06/17/2017,06/21/2017,05/20,1.5576,1.4876,"13,085,102",35.08
06/10/2017,06/14/2017,05/13,1.5377,1.4675,"12,612,881",35.03
06/10/2017,06/14/2017,05/20,1.5576,1.4876,"13,085,102",35.08
06/10/2017,06/14/2017,05/27,1.6006,1.5278,"11,846,233",35.05
06/10/2017,06/14/2017,06/03,1.6180,1.5424,"12,166,909",34.96
06/10/2017,06/14/2017,06/10,1.6330,1.5547,"12,832,612",34.88
06/03/2017,06/07/2017,06/03,1.6180,1.5424,"12,166,909",34.96
06/03/2017,06/07/2017,05/27,1.6006,1.5278,"11,846,233",35.05
06/03/2017,06/07/2017,05/20,1.5576,1.4876,"13,085,102",35.08
06/03/2017,06/07/2017,05/13,1.5377,1.4675,"12,612,881",35.03
06/03/2017,06/07/2017,05/06,1.5307,1.4573,"11,237,229",34.88
05/27/2017,06/01/2017,04/29,1.5407,1.4647,"13,777,558",34.78
05/27/2017,06/01/2017,05/06,1.5307,1.4573,"11,237,229",34.88
05/27/2017,06/01/2017,05/13,1.5377,1.4675,"12,612,881",35.03
05/27/2017,06/01/2017,05/20,1.5576,1.4876,"13,085,102",35.08
05/27/2017,06/01/2017,05/27,1.6006,1.5278,"11,846,233",35.05
05/20/2017,05/24/2017,05/20,1.5576,1.4876,"13,085,102",35.08
05/20/2017,05/24/2017,05/13,1.5377,1.4675,"12,612,881",35.03
05/20/2017,05/24/2017,05/06,1.5307,1.4573,"11,237,229",34.88
05/20/2017,05/24/2017,04/29,1.5404,1.4646,"13,869,969",34.79
05/20/2017,05/24/2017,04/22,1.5499,1.4740,"13,871,996",34.81
05/13/2017,05/17/2017,04/15,1.5514,1.4747,"14,282,017",34.78
05/13/2017,05/17/2017,04/22,1.5499,1.4740,"13,871,996",34.81
05/13/2017,05/17/2017,04/29,1.5404,1.4646,"13,869,969",34.79
05/13/2017,05/17/2017,05/06,1.5307,1.4573,"11,237,229",34.88
05/13/2017,05/17/2017,05/13,1.5377,1.4675,"12,612,881",35.03
05/06/2017,05/10/2017,05/06,1.5307,1.4573,"11,237,229",34.88
05/06/2017,05/10/2017,04/29,1.5404,1.4646,"13,869,969",34.79
05/06/2017,05/10/2017,04/22,1.5499,1.4740,"13,871,996",34.81
05/06/2017,05/10/2017,04/15,1.5514,1.4747,"14,282,017",34.78
05/06/2017,05/10/2017,04/08,1.5247,1.4521,"14,091,699",34.90
04/29/2017,05/03/2017,04/01,1.5151,1.4422,"12,701,901",34.87
04/29/2017,05/03/2017,04/08,1.5247,1.4521,"14,091,699",34.90
04/29/2017,05/03/2017,04/15,1.5514,1.4747,"14,282,017",34.78
04/29/2017,05/03/2017,04/22,1.5499,1.4740,"13,871,996",34.81
04/29/2017,05/03/2017,04/29,1.5404,1.4646,"13,869,969",34.79
04/22/2017,04/26/2017,04/22,1.5501,1.4743,"13,750,905",34.81
04/22/2017,04/26/2017,04/15,1.5513,1.4747,"14,198,870",34.78
04/22/2017,04/26/2017,04/08,1.5247,1.4521,"14,091,699",34.90
04/22/2017,04/26/2017,04/01,1.5151,1.4422,"12,701,901",34.87
04/22/2017,04/26/2017,03/25,1.5427,1.4730,"13,745,912",35.07
04/15/2017,04/19/2017,03/18,1.6039,1.5246,"15,125,416",34.78
04/15/2017,04/19/2017,03/25,1.5427,1.4730,"13,745,912",35.07
04/15/2017,04/19/2017,04/01,1.5151,1.4422,"12,701,901",34.87
04/15/2017,04/19/2017,04/08,1.5247,1.4521,"14,091,699",34.90
04/15/2017,04/19/2017,04/15,1.5513,1.4747,"14,198,870",34.78
04/08/2017,04/12/2017,04/08,1.5246,1.4520,"14,050,974",34.90
04/08/2017,04/12/2017,04/01,1.5151,1.4422,"12,701,901",34.87
04/08/2017,04/12/2017,03/25,1.5427,1.4730,"13,745,912",35.07
04/08/2017,04/12/2017,03/18,1.6039,1.5246,"15,125,416",34.78
04/08/2017,04/12/2017,03/11,1.6755,1.5930,"13,549,405",34.79
04/01/2017,04/05/2017,03/04,1.7432,1.6560,"13,242,921",34.74
04/01/2017,04/05/2017,03/11,1.6758,1.5932,"13,466,413",34.78
04/01/2017,04/05/2017,03/18,1.6039,1.5246,"15,125,416",34.78
04/01/2017,04/05/2017,03/25,1.5427,1.4730,"13,745,912",35.07
04/01/2017,04/05/2017,04/01,1.5152,1.4424,"12,661,046",34.87
03/25/2017,03/29/2017,03/25,1.5427,1.4730,"13,745,912",35.07
03/25/2017,03/29/2017,03/18,1.6039,1.5246,"15,125,416",34.78
03/25/2017,03/29/2017,03/11,1.6758,1.5932,"13,466,413",34.78
03/25/2017,03/29/2017,03/04,1.7432,1.6560,"13,242,921",34.74
03/25/2017,03/29/2017,02/25,1.7698,1.6803,"10,926,824",34.70
03/18/2017,03/22/2017,02/18,1.7511,1.6619,"11,913,579",34.67
03/18/2017,03/22/2017,02/25,1.7698,1.6803,"10,926,824",34.70
03/18/2017,03/22/2017,03/04,1.7432,1.6560,"13,242,921",34.74
03/18/2017,03/22/2017,03/11,1.6758,1.5932,"13,466,413",34.78
03/18/2017,03/22/2017,03/18,1.6058,1.5262,"14,797,151",34.77
03/11/2017,03/15/2017,03/11,1.6763,1.5936,"13,382,652",34.78
03/11/2017,03/15/2017,03/04,1.7432,1.6560,"13,242,921",34.74
03/11/2017,03/15/2017,02/25,1.7698,1.6803,"10,926,824",34.70
03/11/2017,03/15/2017,02/18,1.7511,1.6619,"11,913,579",34.67
03/11/2017,03/15/2017,02/11,1.6668,1.5868,"12,390,349",34.87
03/04/2017,03/08/2017,02/04,1.6842,1.6062,"12,310,466",34.99
03/04/2017,03/08/2017,02/11,1.6668,1.5868,"12,390,349",34.87
03/04/2017,03/08/2017,02/18,1.7511,1.6619,"11,913,579",34.67
03/04/2017,03/08/2017,02/25,1.7698,1.6803,"10,926,824",34.70
03/04/2017,03/08/2017,03/04,1.7429,1.6559,"13,273,001",34.74
02/25/2017,03/01/2017,02/25,1.7698,1.6803,"10,926,824",34.70
02/25/2017,03/01/2017,02/18,1.7511,1.6620,"11,874,071",34.67
02/25/2017,03/01/2017,02/11,1.6668,1.5868,"12,390,349",34.87
02/25/2017,03/01/2017,02/04,1.6842,1.6062,"12,310,466",34.99
02/25/2017,03/01/2017,01/28,1.7316,1.6502,"11,741,032",34.94
02/18/2017,02/23/2017,01/21,1.7325,1.6524,"11,723,737",34.99
02/18/2017,02/23/2017,01/28,1.7316,1.6502,"11,741,032",34.94
02/18/2017,02/23/2017,02/04,1.6842,1.6062,"12,310,466",34.99
02/18/2017,02/23/2017,02/11,1.6668,1.5868,"12,390,349",34.87
02/18/2017,02/23/2017,02/18,1.7511,1.6620,"11,874,071",34.67
02/11/2017,02/15/2017,02/11,1.6668,1.5868,"12,390,349",34.87
02/11/2017,02/15/2017,02/04,1.6842,1.6062,"12,310,466",34.99
02/11/2017,02/15/2017,01/28,1.7316,1.6502,"11,741,032",34.94
02/11/2017,02/15/2017,01/21,1.7325,1.6524,"11,723,737",34.99
02/11/2017,02/15/2017,01/14,1.7193,1.6393,"13,702,669",34.97
02/04/2017,02/08/2017,01/07,1.7453,1.6589,"9,571,316",34.77
02/04/2017,02/08/2017,01/14,1.7193,1.6393,"13,702,669",34.97
02/04/2017,02/08/2017,01/21,1.7325,1.6524,"11,723,737",34.99
02/04/2017,02/08/2017,01/28,1.7316,1.6502,"11,741,032",34.94
02/04/2017,02/08/2017,02/04,1.6842,1.6062,"12,310,466",34.99
01/28/2017,02/01/2017,01/28,1.7314,1.6500,"11,660,026",34.94
01/28/2017,02/01/2017,01/21,1.7325,1.6524,"11,723,737",34.99
01/28/2017,02/01/2017,01/14,1.7193,1.6393,"13,702,669",34.97
01/28/2017,02/01/2017,01/07,1.7453,1.6589,"9,571,316",34.77
01/28/2017,02/01/2017,12/31,1.7644,1.6813,"9,501,625",34.94
01/21/2017,01/25/2017,12/24,1.7882,1.7040,"10,798,260",34.94
01/21/2017,01/25/2017,12/31,1.7644,1.6813,"9,501,625",34.94
01/21/2017,01/25/2017,01/07,1.7439,1.6575,"9,571,316",34.77
01/21/2017,01/25/2017,01/14,1.7190,1.6390,"13,700,563",34.97
01/21/2017,01/25/2017,01/21,1.7287,1.6489,"11,640,854",35.00
01/14/2017,01/19/2017,01/14,1.7190,1.6390,"13,700,563",34.97
01/14/2017,01/19/2017,01/07,1.7439,1.6575,"9,571,316",34.77
01/14/2017,01/19/2017,12/31,1.7644,1.6813,"9,501,625",34.94
01/14/2017,01/19/2017,12/24,1.7882,1.7040,"10,798,260",34.94
01/14/2017,01/19/2017,12/17,1.7761,1.6928,"12,412,307",34.95
01/07/2017,01/11/2017,12/10,1.8146,1.7338,"12,170,956",35.11
01/07/2017,01/11/2017,12/17,1.7761,1.6928,"12,412,307",34.95
01/07/2017,01/11/2017,12/24,1.7882,1.7040,"10,798,260",34.94
01/07/2017,01/11/2017,12/31,1.7644,1.6813,"9,501,625",34.94
01/07/2017,01/11/2017,01/07,1.7446,1.6576,"9,406,780",34.75
12/31/2016,01/05/2017,12/31,1.7644,1.6813,"9,501,625",34.94
12/31/2016,01/05/2017,12/24,1.7882,1.7040,"10,798,260",34.94
12/31/2016,01/05/2017,12/17,1.7761,1.6928,"12,412,307",34.95
12/31/2016,01/05/2017,12/10,1.8146,1.7338,"12,170,956",35.11
12/31/2016,01/05/2017,12/03,1.8699,1.7847,"11,657,916",35.04
12/24/2016,12/29/2016,11/26,1.8756,1.7868,"10,265,375",34.92
12/24/2016,12/29/2016,12/03,1.8699,1.7847,"11,657,916",35.04
12/24/2016,12/29/2016,12/10,1.8146,1.7338,"12,170,956",35.11
12/24/2016,12/29/2016,12/17,1.7761,1.6928,"12,412,307",34.95
12/24/2016,12/29/2016,12/24,1.7881,1.7039,"10,755,551",34.94
12/17/2016,12/21/2016,12/17,1.7751,1.6916,"12,247,325",34.94
12/17/2016,12/21/2016,12/10,1.8146,1.7338,"12,170,956",35.11
12/17/2016,12/21/2016,12/03,1.8699,1.7847,"11,657,916",35.04
12/17/2016,12/21/2016,11/26,1.8756,1.7868,"10,265,375",34.92
12/17/2016,12/21/2016,11/19,1.8678,1.7763,"10,120,762",34.81
12/10/2016,12/14/2016,11/12,1.7657,1.6852,"11,144,642",35.04
12/10/2016,12/14/2016,11/19,1.8678,1.7763,"10,120,762",34.81
12/10/2016,12/14/2016,11/26,1.8756,1.7868,"10,265,375",34.92
12/10/2016,12/14/2016,12/03,1.8699,1.7847,"11,657,916",35.04
12/10/2016,12/14/2016,12/10,1.8146,1.7338,"12,170,956",35.11
12/03/2016,12/07/2016,12/03,1.8702,1.7851,"11,331,492",35.04
12/03/2016,12/07/2016,11/26,1.8756,1.7868,"10,265,375",34.92
12/03/2016,12/07/2016,11/19,1.8678,1.7763,"10,120,762",34.81
12/03/2016,12/07/2016,11/12,1.7657,1.6852,"11,144,642",35.04
12/03/2016,12/07/2016,11/05,1.6743,1.5958,"10,840,769",34.95
11/26/2016,11/30/2016,10/29,1.6478,1.5716,"10,047,139",34.99
11/26/2016,11/30/2016,11/05,1.6743,1.5958,"10,840,769",34.95
11/26/2016,11/30/2016,11/12,1.7657,1.6852,"11,144,642",35.04
11/26/2016,11/30/2016,11/19,1.8678,1.7763,"10,120,762",34.81
11/26/2016,11/30/2016,11/26,1.8756,1.7868,"10,265,375",34.92
11/19/2016,11/23/2016,11/19,1.8678,1.7763,"10,120,762",34.81
11/19/2016,11/23/2016,11/12,1.7657,1.6852,"11,144,642",35.04
11/19/2016,11/23/2016,11/05,1.6743,1.5958,"10,840,769",34.95
11/19/2016,11/23/2016,10/29,1.6478,1.5716,"10,047,139",34.99
11/19/2016,11/23/2016,10/22,1.5993,1.5253,"10,393,863",34.99
11/12/2016,11/16/2016,10/15,1.6169,1.5440,"11,036,981",35.07
11/12/2016,11/16/2016,10/22,1.5993,1.5253,"10,393,863",34.99
11/12/2016,11/16/2016,10/29,1.6478,1.5716,"10,047,139",34.99
11/12/2016,11/16/2016,11/05,1.6743,1.5958,"10,840,769",34.95
11/12/2016,11/16/2016,11/12,1.7657,1.6852,"11,144,642",35.04
11/05/2016,11/09/2016,11/05,1.6743,1.5958,"10,840,769",34.95
11/05/2016,11/09/2016,10/29,1.6478,1.5716,"10,047,139",34.99
11/05/2016,11/09/2016,10/22,1.5993,1.5253,"10,393,863",34.99
11/05/2016,11/09/2016,10/15,1.6169,1.5440,"11,037,044",35.07
11/05/2016,11/09/2016,10/08,1.6144,1.5424,"10,557,601",35.11
10/29/2016,11/02/2016,10/01,1.6790,1.5952,"11,166,195",34.74
10/29/2016,11/02/2016,10/08,1.6144,1.5424,"10,557,601",35.11
10/29/2016,11/02/2016,10/15,1.6169,1.5440,"11,037,538",35.07
10/29/2016,11/02/2016,10/22,1.5991,1.5250,"10,393,863",34.99
10/29/2016,11/02/2016,10/29,1.6478,1.5716,"10,047,140",34.99
10/22/2016,10/26/2016,10/22,1.5991,1.5250,"10,393,863",34.99
10/22/2016,10/26/2016,10/15,1.6169,1.5440,"11,037,538",35.07
10/22/2016,10/26/2016,10/08,1.6144,1.5424,"10,557,601",35.11
10/22/2016,10/26/2016,10/01,1.6790,1.5952,"11,166,195",34.74
10/22/2016,10/26/2016,09/24,1.7223,1.6413,"10,757,116",34.94
10/15/2016,10/19/2016,09/17,1.8087,1.7227,"10,010,550",34.91
10/15/2016,10/19/2016,09/24,1.7223,1.6413,"10,757,116",34.94
10/15/2016,10/19/2016,10/01,1.6790,1.5952,"11,166,195",34.74
10/15/2016,10/19/2016,10/08,1.6144,1.5424,"10,557,601",35.11
10/15/2016,10/19/2016,10/15,1.6169,1.5440,"11,037,538",35.07
10/08/2016,10/13/2016,10/08,1.6144,1.5424,"10,557,601",35.11
10/08/2016,10/13/2016,10/01,1.6790,1.5952,"11,166,195",34.74
10/08/2016,10/13/2016,09/24,1.7223,1.6413,"10,757,116",34.94
10/08/2016,10/13/2016,09/17,1.8087,1.7227,"10,010,550",34.91
10/08/2016,10/13/2016,09/10,1.8445,1.7613,"10,390,836",35.07
10/01/2016,10/05/2016,09/03,1.9669,1.8764,"9,253,676",35.01
10/01/2016,10/05/2016,09/10,1.8445,1.7613,"10,390,836",35.07
10/01/2016,10/05/2016,09/17,1.8087,1.7227,"10,010,550",34.91
10/01/2016,10/05/2016,09/24,1.7223,1.6413,"10,757,116",34.94
10/01/2016,10/05/2016,10/01,1.6788,1.5950,"11,166,195",34.74
09/24/2016,09/28/2016,09/24,1.7223,1.6413,"10,757,116",34.94
09/24/2016,09/28/2016,09/17,1.8087,1.7227,"10,010,550",34.91
09/24/2016,09/28/2016,09/10,1.8445,1.7613,"10,390,836",35.07
09/24/2016,09/28/2016,09/03,1.9669,1.8764,"9,253,676",35.01
09/24/2016,09/28/2016,08/27,2.0031,1.9057,"8,831,636",34.83
09/17/2016,09/21/2016,08/20,1.9737,1.8816,"10,344,607",34.96
09/17/2016,09/21/2016,08/27,2.0033,1.9057,"8,873,736",34.83
09/17/2016,09/21/2016,09/03,1.9670,1.8765,"9,243,193",35.01
09/17/2016,09/21/2016,09/10,1.8445,1.7613,"10,390,836",35.07
09/17/2016,09/21/2016,09/17,1.8093,1.7234,"9,957,084",34.91
09/10/2016,09/14/2016,09/10,1.8445,1.7613,"10,390,836",35.07
09/10/2016,09/14/2016,09/03,1.9670,1.8765,"9,243,193",35.01
09/10/2016,09/14/2016,08/27,2.0033,1.9057,"8,873,736",34.83
09/10/2016,09/14/2016,08/20,1.9737,1.8816,"10,344,607",34.96
09/10/2016,09/14/2016,08/13,1.9411,1.8433,"9,945,980",34.71
09/03/2016,09/08/2016,08/06,1.9105,1.8117,"9,666,063",34.62
09/03/2016,09/08/2016,08/13,1.9411,1.8433,"9,945,980",34.71
09/03/2016,09/08/2016,08/20,1.9737,1.8816,"10,344,607",34.96
09/03/2016,09/08/2016,08/27,2.0033,1.9057,"8,873,736",34.83
09/03/2016,09/08/2016,09/03,1.9663,1.8761,"9,163,641",35.02
08/27/2016,08/31/2016,08/27,2.0037,1.9062,"8,831,819",34.83
08/27/2016,08/31/2016,08/20,1.9737,1.8816,"10,344,607",34.96
08/27/2016,08/31/2016,08/13,1.9411,1.8433,"9,945,980",34.71
08/27/2016,08/31/2016,08/06,1.9105,1.8117,"9,666,063",34.62
08/27/2016,08/31/2016,07/30,1.8678,1.7729,"9,510,562",34.68
08/20/2016,08/24/2016,07/23,1.8299,1.7403,"8,734,554",34.81
08/20/2016,08/24/2016,07/30,1.8678,1.7729,"9,510,562",34.68
08/20/2016,08/24/2016,08/06,1.9105,1.8117,"9,666,063",34.62
08/20/2016,08/24/2016,08/13,1.9411,1.8433,"9,945,980",34.71
08/20/2016,08/24/2016,08/20,1.9737,1.8816,"10,344,607",34.96
08/13/2016,08/17/2016,08/13,1.9411,1.8433,"9,945,980",34.71
08/13/2016,08/17/2016,08/06,1.9105,1.8117,"9,666,063",34.62
08/13/2016,08/17/2016,07/30,1.8684,1.7729,"9,459,430",34.66
08/13/2016,08/17/2016,07/23,1.8299,1.7403,"8,734,554",34.81
08/13/2016,08/17/2016,07/16,1.7800,1.6925,"10,174,982",34.80
08/06/2016,08/10/2016,07/09,1.7221,1.6352,"10,358,559",34.71
08/06/2016,08/10/2016,07/16,1.7800,1.6925,"10,174,982",34.80
08/06/2016,08/10/2016,07/23,1.8299,1.7403,"8,734,554",34.81
08/06/2016,08/10/2016,07/30,1.8684,1.7729,"9,459,430",34.66
08/06/2016,08/10/2016,08/06,1.9106,1.8119,"9,706,959",34.62
07/30/2016,08/03/2016,07/30,1.8684,1.7729,"9,459,430",34.66
07/30/2016,08/03/2016,07/23,1.8299,1.7403,"8,734,554",34.81
07/30/2016,08/03/2016,07/16,1.7800,1.6925,"10,174,982",34.80
07/30/2016,08/03/2016,07/09,1.7221,1.6352,"10,358,559",34.71
07/30/2016,08/03/2016,07/02,1.6613,1.5822,"9,452,586",34.90
07/23/2016,07/27/2016,06/25,1.6339,1.5602,"10,344,662",35.07
07/23/2016,07/27/2016,07/02,1.6613,1.5822,"9,452,586",34.90
07/23/2016,07/27/2016,07/09,1.7221,1.6352,"10,358,559",34.71
07/23/2016,07/27/2016,07/16,1.7800,1.6925,"10,174,982",34.80
07/23/2016,07/27/2016,07/23,1.8299,1.7403,"8,734,554",34.81
07/16/2016,07/20/2016,07/16,1.7800,1.6925,"10,174,982",34.80
07/16/2016,07/20/2016,07/09,1.7221,1.6352,"10,358,559",34.71
07/16/2016,07/20/2016,07/02,1.6613,1.5822,"9,452,586",34.90
07/16/2016,07/20/2016,06/25,1.6339,1.5602,"10,344,662",35.07
07/16/2016,07/20/2016,06/18,1.5781,1.5065,"9,676,803",35.05
07/09/2016,07/13/2016,06/11,1.5262,1.4538,"10,619,996",34.91
07/09/2016,07/13/2016,06/18,1.5781,1.5065,"9,676,803",35.05
07/09/2016,07/13/2016,06/25,1.6339,1.5602,"10,344,662",35.07
07/09/2016,07/13/2016,07/02,1.6613,1.5822,"9,452,586",34.90
07/09/2016,07/13/2016,07/09,1.7221,1.6352,"10,358,559",34.71
07/02/2016,07/07/2016,07/02,1.6613,1.5822,"9,452,586",34.90
07/02/2016,07/07/2016,06/25,1.6339,1.5602,"10,344,662",35.07
07/02/2016,07/07/2016,06/18,1.5781,1.5065,"9,676,803",35.05
07/02/2016,07/07/2016,06/11,1.5262,1.4538,"10,619,996",34.91
07/02/2016,07/07/2016,06/04,1.4859,1.4159,"11,243,509",34.94
06/25/2016,06/29/2016,05/28,1.4484,1.3825,"10,419,878",35.04
06/25/2016,06/29/2016,06/04,1.4859,1.4159,"11,243,509",34.94
06/25/2016,06/29/2016,06/11,1.5262,1.4538,"10,619,996",34.91
06/25/2016,06/29/2016,06/18,1.5781,1.5065,"9,676,803",35.05
06/25/2016,06/29/2016,06/25,1.6338,1.5602,"10,302,611",35.08
06/18/2016,06/22/2016,06/18,1.5781,1.5065,"9,676,803",35.05
06/18/2016,06/22/2016,06/11,1.5262,1.4538,"10,619,996",34.91
06/18/2016,06/22/2016,06/04,1.4859,1.4159,"11,243,509",34.94
06/18/2016,06/22/2016,05/28,1.4484,1.3825,"10,419,878",35.04
06/18/2016,06/22/2016,05/21,1.4213,1.3544,"10,785,386",34.94
06/11/2016,06/15/2016,05/14,1.4906,1.4218,"10,623,959",35.00
06/11/2016,06/15/2016,05/21,1.4270,1.3595,"10,255,800",34.92
06/11/2016,06/15/2016,05/28,1.4507,1.3845,"10,019,383",35.04
06/11/2016,06/15/2016,06/04,1.4866,1.4167,"11,035,897",34.94
06/11/2016,06/15/2016,06/11,1.5277,1.4552,"10,204,458",34.91
06/04/2016,06/08/2016,06/04,1.4866,1.4167,"11,035,897",34.94
06/04/2016,06/08/2016,05/28,1.4507,1.3845,"10,019,383",35.04
06/04/2016,06/08/2016,05/21,1.4270,1.3595,"10,255,800",34.92
06/04/2016,06/08/2016,05/14,1.4906,1.4218,"10,623,959",35.00
06/04/2016,06/08/2016,05/07,1.5302,1.4605,"10,293,517",35.04
05/28/2016,06/02/2016,04/30,1.5452,1.4727,"10,394,852",34.95
05/28/2016,06/02/2016,05/07,1.5302,1.4605,"10,293,517",35.04
05/28/2016,06/02/2016,05/14,1.4906,1.4218,"10,623,959",35.00
05/28/2016,06/02/2016,05/21,1.4270,1.3595,"10,255,800",34.92
05/28/2016,06/02/2016,05/28,1.4511,1.3849,"10,019,383",35.04
05/21/2016,05/25/2016,05/21,1.4270,1.3595,"10,255,800",34.92
05/21/2016,05/25/2016,05/14,1.4906,1.4218,"10,623,959",35.00
05/21/2016,05/25/2016,05/07,1.5302,1.4605,"10,293,517",35.04
05/21/2016,05/25/2016,04/30,1.5452,1.4727,"10,394,852",34.95
05/21/2016,05/25/2016,04/23,1.5488,1.4778,"9,836,879",35.02
05/14/2016,05/18/2016,04/16,1.5618,1.4895,"10,899,700",34.99
05/14/2016,05/18/2016,04/23,1.5488,1.4778,"9,836,879",35.02
05/14/2016,05/18/2016,04/30,1.5452,1.4727,"10,394,852",34.95
05/14/2016,05/18/2016,05/07,1.5302,1.4605,"10,293,517",35.04
05/14/2016,05/18/2016,05/14,1.4906,1.4218,"10,623,959",35.00
05/07/2016,05/11/2016,05/07,1.5305,1.4608,"10,167,273",35.04
05/07/2016,05/11/2016,04/30,1.5452,1.4727,"10,394,852",34.95
05/07/2016,05/11/2016,04/23,1.5488,1.4778,"9,836,879",35.02
05/07/2016,05/11/2016,04/16,1.5618,1.4895,"10,899,700",34.99
05/07/2016,05/11/2016,04/09,1.5731,1.5010,"9,758,965",35.02
04/30/2016,05/04/2016,04/02,1.5844,1.5104,"9,373,016",34.96
04/30/2016,05/04/2016,04/09,1.5731,1.5010,"9,758,965",35.02
04/30/2016,05/04/2016,04/16,1.5618,1.4895,"10,899,700",34.99
04/30/2016,05/04/2016,04/23,1.5488,1.4778,"9,836,879",35.02
04/30/2016,05/04/2016,04/30,1.5452,1.4727,"10,394,852",34.95
04/23/2016,04/27/2016,04/23,1.5417,1.4716,"10,534,298",35.05
04/23/2016,04/27/2016,04/16,1.5569,1.4853,"11,439,298",35.01
04/23/2016,04/27/2016,04/09,1.5731,1.5010,"9,758,965",35.02
04/23/2016,04/27/2016,04/02,1.5844,1.5104,"9,373,016",34.96
04/23/2016,04/27/2016,03/26,1.5712,1.4981,"8,890,623",34.98
04/16/2016,04/20/2016,03/19,1.5779,1.5041,"10,275,065",34.96
04/16/2016,04/20/2016,03/26,1.5712,1.4981,"8,890,623",34.98
04/16/2016,04/20/2016,04/02,1.5844,1.5104,"9,373,016",34.96
04/16/2016,04/20/2016,04/09,1.5733,1.5012,"9,675,065",35.02
04/16/2016,04/20/2016,04/16,1.5569,1.4853,"11,439,298",35.01
04/09/2016,04/13/2016,04/09,1.5733,1.5012,"9,675,065",35.02
04/09/2016,04/13/2016,04/02,1.5844,1.5104,"9,373,016",34.96
04/09/2016,04/13/2016,03/26,1.5712,1.4981,"8,890,623",34.98
04/09/2016,04/13/2016,03/19,1.5779,1.5041,"10,275,065",34.96
04/09/2016,04/13/2016,03/12,1.5695,1.4976,"9,708,171",35.02
04/02/2016,04/06/2016,03/05,1.5683,1.4962,"9,874,812",35.01
04/02/2016,04/06/2016,03/12,1.5695,1.4976,"9,708,171",35.02
04/02/2016,04/06/2016,03/19,1.5779,1.5041,"10,275,065",34.96
04/02/2016,04/06/2016,03/26,1.5712,1.4981,"8,890,623",34.98
04/02/2016,04/06/2016,04/02,1.5843,1.5104,"9,289,263",34.97
03/26/2016,03/30/2016,03/26,1.5712,1.4981,"8,890,623",34.98
03/26/2016,03/30/2016,03/19,1.5779,1.5041,"10,275,065",34.96
03/26/2016,03/30/2016,03/12,1.5695,1.4976,"9,708,171",35.02
03/26/2016,03/30/2016,03/05,1.5683,1.4962,"9,874,812",35.01
03/26/2016,03/30/2016,02/27,1.5958,1.5205,"8,779,044",34.93
03/19/2016,03/23/2016,02/20,1.5833,1.5126,"9,508,649",35.10
03/19/2016,03/23/2016,02/27,1.5958,1.5205,"8,779,044",34.93
03/19/2016,03/23/2016,03/05,1.5683,1.4962,"9,874,812",35.01
03/19/2016,03/23/2016,03/12,1.5694,1.4975,"9,624,946",35.03
03/19/2016,03/23/2016,03/19,1.5779,1.5041,"10,275,065",34.96
03/12/2016,03/16/2016,03/12,1.5694,1.4975,"9,624,946",35.03
03/12/2016,03/16/2016,03/05,1.5683,1.4962,"9,874,812",35.01
03/12/2016,03/16/2016,02/27,1.5958,1.5205,"8,779,044",34.93
03/12/2016,03/16/2016,02/20,1.5833,1.5126,"9,508,649",35.10
03/12/2016,03/16/2016,02/13,1.5797,1.5074,"9,673,471",35.02
03/05/2016,03/09/2016,02/06,1.5799,1.5102,"9,478,002",35.14
03/05/2016,03/09/2016,02/13,1.5797,1.5074,"9,673,471",35.02
03/05/2016,03/09/2016,02/20,1.5833,1.5126,"9,508,649",35.10
03/05/2016,03/09/2016,02/27,1.5958,1.5205,"8,779,044",34.93
03/05/2016,03/09/2016,03/05,1.5685,1.4965,"9,833,272",35.02
02/27/2016,03/02/2016,02/27,1.5958,1.5207,"8,695,026",34.94
02/27/2016,03/02/2016,02/20,1.5833,1.5126,"9,508,649",35.10
02/27/2016,03/02/2016,02/13,1.5797,1.5074,"9,673,471",35.02
02/27/2016,03/02/2016,02/06,1.5799,1.5102,"9,478,002",35.14
02/27/2016,03/02/2016,01/30,1.6180,1.5420,"10,360,803",34.94
02/20/2016,02/24/2016,01/23,1.6387,1.5626,"10,403,831",34.98
02/20/2016,02/24/2016,01/30,1.6180,1.5420,"10,360,803",34.94
02/20/2016,02/24/2016,02/06,1.5799,1.5102,"9,478,002",35.14
02/20/2016,02/24/2016,02/13,1.5797,1.5074,"9,673,471",35.02
02/20/2016,02/24/2016,02/20,1.5835,1.5128,"9,466,774",35.10
02/13/2016,02/18/2016,02/13,1.5797,1.5074,"9,673,471",35.03
02/13/2016,02/18/2016,02/06,1.5799,1.5102,"9,478,002",35.14
02/13/2016,02/18/2016,01/30,1.6180,1.5420,"10,360,803",34.94
02/13/2016,02/18/2016,01/23,1.6387,1.5626,"10,403,831",34.98
02/13/2016,02/18/2016,01/16,1.6201,1.5432,"11,285,012",34.91
02/06/2016,02/10/2016,01/09,1.5873,1.5160,"11,141,233",35.08
02/06/2016,02/10/2016,01/16,1.6201,1.5432,"11,285,012",34.91
02/06/2016,02/10/2016,01/23,1.6387,1.5626,"10,403,831",34.98
02/06/2016,02/10/2016,01/30,1.6180,1.5420,"10,360,803",34.94
02/06/2016,02/10/2016,02/06,1.5799,1.5102,"9,478,002",35.14
01/30/2016,02/03/2016,01/30,1.6180,1.5420,"10,360,803",34.94
01/30/2016,02/03/2016,01/23,1.6387,1.5626,"10,403,831",34.98
01/30/2016,02/03/2016,01/16,1.6201,1.5432,"11,285,012",34.91
01/30/2016,02/03/2016,01/09,1.5873,1.5160,"11,141,233",35.08
01/30/2016,02/03/2016,01/02,1.5586,1.4856,"9,167,653",34.95
01/23/2016,01/27/2016,12/26,1.5744,1.4973,"8,629,095",34.81
01/23/2016,01/27/2016,01/02,1.5586,1.4856,"9,167,653",34.95
01/23/2016,01/27/2016,01/09,1.5873,1.5160,"11,141,233",35.08
01/23/2016,01/27/2016,01/16,1.6201,1.5432,"11,285,012",34.91
01/23/2016,01/27/2016,01/23,1.6387,1.5626,"10,403,831",34.98
01/16/2016,01/21/2016,01/16,1.6201,1.5432,"11,285,012",34.91
01/16/2016,01/21/2016,01/09,1.5873,1.5160,"11,141,233",35.08
01/16/2016,01/21/2016,01/02,1.5586,1.4856,"9,167,653",34.95
01/16/2016,01/21/2016,12/26,1.5744,1.4973,"8,629,095",34.81
01/16/2016,01/21/2016,12/19,1.6124,1.5362,"10,400,022",34.93
01/09/2016,01/13/2016,12/12,1.6235,1.5525,"10,316,439",35.16
01/09/2016,01/13/2016,12/19,1.6124,1.5362,"10,400,022",34.93
01/09/2016,01/13/2016,12/26,1.5744,1.4973,"8,629,095",34.81
01/09/2016,01/13/2016,01/02,1.5586,1.4857,"8,839,183",34.96
01/09/2016,01/13/2016,01/09,1.5873,1.5160,"11,141,233",35.08
01/02/2016,01/06/2016,01/02,1.5569,1.4845,"8,636,161",34.97
01/02/2016,01/06/2016,12/26,1.5754,1.4981,"8,669,656",34.80
01/02/2016,01/06/2016,12/19,1.6124,1.5362,"10,400,022",34.93
01/02/2016,01/06/2016,12/12,1.6235,1.5525,"10,316,439",35.16
01/02/2016,01/06/2016,12/05,1.6349,1.5585,"9,709,622",34.96
12/26/2015,12/30/2015,11/28,1.6321,1.5567,"8,199,380",35.00
12/26/2015,12/30/2015,12/05,1.6349,1.5585,"9,709,622",34.96
12/26/2015,12/30/2015,12/12,1.6235,1.5525,"10,316,439",35.16
12/26/2015,12/30/2015,12/19,1.6124,1.5362,"10,400,022",34.93
12/26/2015,12/30/2015,12/26,1.5759,1.4983,"8,590,783",34.79
12/19/2015,12/23/2015,12/19,1.6124,1.5362,"10,400,022",34.93
12/19/2015,12/23/2015,12/12,1.6235,1.5525,"10,316,439",35.16
12/19/2015,12/23/2015,12/05,1.6349,1.5585,"9,709,622",34.96
12/19/2015,12/23/2015,11/28,1.6321,1.5567,"8,199,380",35.00
12/19/2015,12/23/2015,11/21,1.6943,1.6154,"9,903,311",34.97
12/12/2015,12/16/2015,11/14,1.7261,1.6437,"9,769,834",34.89
12/12/2015,12/16/2015,11/21,1.6943,1.6154,"9,903,311",34.97
12/12/2015,12/16/2015,11/28,1.6321,1.5567,"8,199,380",35.00
12/12/2015,12/16/2015,12/05,1.6349,1.5585,"9,709,622",34.96
12/12/2015,12/16/2015,12/12,1.6176,1.5466,"10,421,359",35.15
12/05/2015,12/09/2015,12/05,1.6349,1.5585,"9,709,622",34.96
12/05/2015,12/09/2015,11/28,1.6328,1.5572,"8,159,307",34.99
12/05/2015,12/09/2015,11/21,1.6943,1.6154,"9,903,311",34.97
12/05/2015,12/09/2015,11/14,1.7261,1.6437,"9,769,834",34.89
12/05/2015,12/09/2015,11/07,1.7078,1.6323,"9,159,344",35.13
11/28/2015,12/02/2015,10/31,1.7406,1.6600,"10,186,186",34.99
11/28/2015,12/02/2015,11/07,1.6860,1.6115,"9,159,344",35.13
11/28/2015,12/02/2015,11/14,1.7261,1.6437,"9,769,834",34.89
11/28/2015,12/02/2015,11/21,1.6943,1.6154,"9,903,311",34.97
11/28/2015,12/02/2015,11/28,1.6332,1.5577,"8,077,043",34.99
11/21/2015,11/25/2015,11/21,1.6943,1.6154,"9,903,311",34.97
11/21/2015,11/25/2015,11/14,1.7261,1.6437,"9,769,834",34.89
11/21/2015,11/25/2015,11/07,1.6860,1.6115,"9,159,344",35.13
11/21/2015,11/25/2015,10/31,1.7406,1.6600,"10,186,186",34.99
11/21/2015,11/25/2015,10/24,1.7637,1.6817,"8,974,990",34.98
11/14/2015,11/18/2015,10/17,1.7232,1.6477,"9,081,807",35.16
11/14/2015,11/18/2015,10/24,1.7637,1.6817,"8,974,990",34.98
11/14/2015,11/18/2015,10/31,1.7406,1.6600,"10,186,186",34.99
11/14/2015,11/18/2015,11/07,1.6858,1.6113,"9,159,856",35.13
11/14/2015,11/18/2015,11/14,1.7261,1.6435,"9,730,209",34.88
11/07/2015,11/12/2015,11/07,1.7077,1.6323,"9,117,766",35.14
11/07/2015,11/12/2015,10/31,1.7406,1.6600,"10,186,186",34.99
11/07/2015,11/12/2015,10/24,1.7636,1.6816,"8,981,091",34.98
11/07/2015,11/12/2015,10/17,1.7232,1.6477,"9,081,807",35.16
11/07/2015,11/12/2015,10/10,1.6815,1.6030,"10,172,769",34.97
10/31/2015,11/04/2015,10/03,1.6783,1.5990,"9,249,459",34.93
10/31/2015,11/04/2015,10/10,1.6815,1.6030,"10,172,769",34.97
10/31/2015,11/04/2015,10/17,1.7232,1.6477,"9,081,807",35.16
10/31/2015,11/04/2015,10/24,1.7638,1.6818,"8,980,091",34.98
10/31/2015,11/04/2015,10/31,1.7405,1.6601,"10,119,902",35.00
10/24/2015,10/28/2015,10/24,1.7649,1.6828,"8,980,091",34.98
10/24/2015,10/28/2015,10/17,1.7244,1.6487,"9,122,587",35.15
10/24/2015,10/28/2015,10/10,1.6802,1.6019,"10,131,989",34.97
10/24/2015,10/28/2015,10/03,1.6783,1.5990,"9,249,459",34.93
10/24/2015,10/28/2015,09/26,1.7212,1.6426,"10,456,388",35.03
10/17/2015,10/21/2015,09/19,1.7718,1.6885,"9,407,352",34.94
10/17/2015,10/21/2015,09/26,1.7212,1.6426,"10,456,388",35.03
10/17/2015,10/21/2015,10/03,1.6783,1.5990,"9,249,459",34.93
10/17/2015,10/21/2015,10/10,1.6802,1.6019,"10,131,989",34.97
10/17/2015,10/21/2015,10/17,1.7244,1.6480,"9,122,587",35.12
10/10/2015,10/15/2015,10/10,1.6802,1.6019,"10,131,989",34.97
10/10/2015,10/15/2015,10/03,1.6783,1.5990,"9,249,459",34.93
10/10/2015,10/15/2015,09/26,1.7212,1.6426,"10,456,388",35.03
10/10/2015,10/15/2015,09/19,1.7718,1.6885,"9,407,352",34.94
10/10/2015,10/15/2015,09/12,1.7717,1.6879,"11,884,187",34.92
10/03/2015,10/07/2015,09/05,1.7676,1.6861,"12,430,387",35.00
10/03/2015,10/07/2015,09/12,1.7717,1.6879,"11,884,187",34.92
10/03/2015,10/07/2015,09/19,1.7718,1.6885,"9,407,352",34.94
10/03/2015,10/07/2015,09/26,1.7217,1.6429,"10,416,791",35.03
10/03/2015,10/07/2015,10/03,1.6778,1.5990,"9,085,703",34.94
09/26/2015,09/30/2015,09/26,1.7217,1.6429,"10,416,791",35.03
09/26/2015,09/30/2015,09/19,1.7718,1.6885,"9,407,352",34.94
09/26/2015,09/30/2015,09/12,1.7717,1.6879,"11,884,187",34.92
09/26/2015,09/30/2015,09/05,1.7676,1.6861,"12,430,387",35.00
09/26/2015,09/30/2015,08/29,1.8226,1.7353,"9,304,509",34.88
09/19/2015,09/23/2015,08/22,1.8362,1.7471,"9,738,968",34.84
09/19/2015,09/23/2015,08/29,1.8226,1.7355,"9,302,421",34.89
09/19/2015,09/23/2015,09/05,1.7676,1.6864,"12,430,387",35.02
09/19/2015,09/23/2015,09/12,1.7718,1.6879,"11,884,187",34.92
09/19/2015,09/23/2015,09/19,1.7718,1.6886,"9,407,352",34.94
09/12/2015,09/16/2015,09/12,1.7718,1.6879,"11,884,187",34.92
09/12/2015,09/16/2015,09/05,1.7677,1.6865,"12,430,387",35.02
09/12/2015,09/16/2015,08/29,1.8226,1.7355,"9,302,421",34.89
09/12/2015,09/16/2015,08/22,1.8362,1.7471,"9,738,968",34.84
09/12/2015,09/16/2015,08/15,1.8305,1.7375,"10,554,449",34.68
09/05/2015,09/10/2015,08/08,1.7954,1.7113,"10,123,940",34.95
09/05/2015,09/10/2015,08/15,1.8305,1.7375,"10,554,449",34.68
09/05/2015,09/10/2015,08/22,1.8362,1.7471,"9,738,968",34.84
09/05/2015,09/10/2015,08/29,1.8226,1.7355,"9,302,421",34.89
09/05/2015,09/10/2015,09/05,1.7676,1.6864,"12,430,387",35.02
08/29/2015,09/02/2015,08/29,1.8226,1.7355,"9,302,421",34.89
08/29/2015,09/02/2015,08/22,1.8362,1.7471,"9,738,968",34.84
08/29/2015,09/02/2015,08/15,1.8305,1.7375,"10,554,449",34.68
08/29/2015,09/02/2015,08/08,1.7954,1.7113,"10,123,940",34.95
08/29/2015,09/02/2015,08/01,1.7678,1.6874,"10,365,661",35.05
08/22/2015,08/26/2015,07/25,1.7361,1.6648,"10,609,190",35.34
08/22/2015,08/26/2015,08/01,1.7666,1.6865,"10,472,993",35.06
08/22/2015,08/26/2015,08/08,1.7954,1.7113,"10,123,940",34.95
08/22/2015,08/26/2015,08/15,1.8305,1.7375,"10,554,449",34.68
08/22/2015,08/26/2015,08/22,1.8362,1.7471,"9,738,968",34.84
08/15/2015,08/19/2015,08/15,1.8305,1.7375,"10,566,596",34.68
08/15/2015,08/19/2015,08/08,1.7954,1.7113,"10,123,940",34.95
08/15/2015,08/19/2015,08/01,1.7666,1.6865,"10,472,993",35.06
08/15/2015,08/19/2015,07/25,1.7361,1.6648,"10,609,190",35.34
08/15/2015,08/19/2015,07/18,1.7335,1.6563,"10,796,066",35.11
08/08/2015,08/12/2015,07/11,1.7570,1.6709,"11,984,096",34.80
08/08/2015,08/12/2015,07/18,1.7335,1.6563,"10,796,066",35.11
08/08/2015,08/12/2015,07/25,1.7361,1.6648,"10,609,190",35.34
08/08/2015,08/12/2015,08/01,1.7666,1.6865,"10,472,993",35.06
08/08/2015,08/12/2015,08/08,1.7954,1.7112,"10,002,242",34.95
08/01/2015,08/05/2015,08/01,1.7666,1.6865,"10,472,993",35.06
08/01/2015,08/05/2015,07/25,1.7361,1.6648,"10,612,737",35.34
08/01/2015,08/05/2015,07/18,1.7335,1.6563,"10,796,066",35.11
08/01/2015,08/05/2015,07/11,1.7570,1.6709,"11,984,096",34.80
08/01/2015,08/05/2015,07/04,1.7899,1.7058,"9,902,737",34.94
07/25/2015,07/29/2015,06/27,1.8143,1.7285,"10,382,580",34.92
07/25/2015,07/29/2015,07/04,1.7899,1.7058,"9,902,737",34.94
07/25/2015,07/29/2015,07/11,1.7570,1.6709,"11,984,096",34.80
07/25/2015,07/29/2015,07/18,1.7325,1.6558,"10,836,636",35.13
07/25/2015,07/29/2015,07/25,1.7361,1.6648,"10,612,737",35.34
07/18/2015,07/22/2015,07/18,1.7326,1.6559,"10,836,636",35.13
07/18/2015,07/22/2015,07/11,1.7578,1.6716,"11,984,096",34.80
07/18/2015,07/22/2015,07/04,1.7899,1.7058,"9,902,737",34.94
07/18/2015,07/22/2015,06/27,1.8143,1.7285,"10,382,580",34.92
07/18/2015,07/22/2015,06/20,1.8133,1.7284,"9,268,038",34.96
07/11/2015,07/15/2015,06/13,1.7829,1.7047,"10,917,666",35.15
07/11/2015,07/15/2015,06/20,1.8133,1.7284,"9,268,038",34.96
07/11/2015,07/15/2015,06/27,1.8143,1.7285,"10,382,580",34.92
07/11/2015,07/15/2015,07/04,1.7899,1.7058,"9,902,737",34.94
07/11/2015,07/15/2015,07/11,1.7578,1.6716,"11,984,096",34.80
07/04/2015,07/08/2015,07/04,1.7899,1.7058,"9,902,737",34.94
07/04/2015,07/08/2015,06/27,1.8143,1.7285,"10,382,580",34.92
07/04/2015,07/08/2015,06/20,1.8133,1.7284,"9,268,038",34.96
07/04/2015,07/08/2015,06/13,1.7829,1.7047,"10,917,666",35.15
07/04/2015,07/08/2015,06/06,1.7509,1.6716,"9,603,219",35.06
06/27/2015,07/01/2015,05/30,1.7431,1.6662,"10,746,337",35.14
06/27/2015,07/01/2015,06/06,1.7509,1.6716,"9,603,219",35.06
06/27/2015,07/01/2015,06/13,1.7829,1.7047,"10,917,666",35.15
06/27/2015,07/01/2015,06/20,1.8133,1.7284,"9,268,038",34.96
06/27/2015,07/01/2015,06/27,1.8143,1.7285,"10,382,580",34.92
06/20/2015,06/24/2015,06/20,1.8133,1.7284,"9,268,038",34.96
06/20/2015,06/24/2015,06/13,1.7829,1.7047,"10,917,666",35.15
06/20/2015,06/24/2015,06/06,1.7509,1.6716,"9,603,219",35.06
06/20/2015,06/24/2015,05/30,1.7431,1.6662,"10,746,337",35.14
06/20/2015,06/24/2015,05/23,1.7436,1.6713,"9,023,123",35.32
06/13/2015,06/17/2015,05/16,1.7456,1.6670,"9,847,401",35.08
06/13/2015,06/17/2015,05/23,1.7436,1.6713,"9,023,123",35.32
06/13/2015,06/17/2015,05/30,1.7431,1.6662,"10,746,337",35.14
06/13/2015,06/17/2015,06/06,1.7509,1.6716,"9,602,714",35.06
06/13/2015,06/17/2015,06/13,1.7821,1.7040,"10,750,688",35.16
06/06/2015,06/10/2015,06/06,1.7509,1.6716,"9,602,714",35.06
06/06/2015,06/10/2015,05/30,1.7431,1.6662,"10,746,337",35.14
06/06/2015,06/10/2015,05/23,1.7436,1.6713,"9,023,123",35.32
06/06/2015,06/10/2015,05/16,1.7456,1.6670,"9,847,401",35.08
06/06/2015,06/10/2015,05/09,1.7431,1.6655,"9,735,104",35.11
05/30/2015,06/03/2015,05/02,1.7427,1.6660,"9,894,341",35.15
05/30/2015,06/03/2015,05/09,1.7431,1.6655,"9,735,104",35.11
05/30/2015,06/03/2015,05/16,1.7456,1.6670,"9,847,401",35.08
05/30/2015,06/03/2015,05/23,1.7436,1.6713,"9,023,123",35.32
05/30/2015,06/03/2015,05/30,1.7431,1.6662,"10,746,337",35.14
05/23/2015,05/28/2015,05/23,1.7436,1.6713,"9,023,123",35.32
05/23/2015,05/28/2015,05/16,1.7456,1.6670,"9,847,401",35.08
05/23/2015,05/28/2015,05/09,1.7431,1.6655,"9,735,104",35.11
05/23/2015,05/28/2015,05/02,1.7427,1.6660,"9,894,341",35.15
05/23/2015,05/28/2015,04/25,1.7366,1.6575,"9,941,803",35.04
05/16/2015,05/20/2015,04/18,1.7223,1.6396,"10,250,823",34.87
05/16/2015,05/20/2015,04/25,1.7366,1.6575,"9,941,803",35.04
05/16/2015,05/20/2015,05/02,1.7427,1.6660,"9,894,341",35.15
05/16/2015,05/20/2015,05/09,1.7431,1.6655,"9,735,104",35.11
05/16/2015,05/20/2015,05/16,1.7454,1.6669,"9,736,593",35.08
05/09/2015,05/13/2015,05/09,1.7431,1.6655,"9,730,502",35.11
05/09/2015,05/13/2015,05/02,1.7427,1.6660,"9,894,341",35.15
05/09/2015,05/13/2015,04/25,1.7366,1.6575,"9,941,803",35.04
05/09/2015,05/13/2015,04/18,1.7223,1.6396,"10,250,823",34.87
05/09/2015,05/13/2015,04/11,1.6856,1.6132,"10,137,426",35.22
05/02/2015,05/06/2015,04/04,1.6407,1.5729,"9,550,948",35.33
05/02/2015,05/06/2015,04/11,1.6856,1.6132,"10,137,426",35.22
05/02/2015,05/06/2015,04/18,1.7223,1.6396,"10,250,823",34.87
05/02/2015,05/06/2015,04/25,1.7366,1.6575,"9,941,803",35.04
05/02/2015,05/06/2015,05/02,1.7421,1.6655,"9,853,589",35.15
04/25/2015,04/29/2015,04/25,1.7366,1.6575,"9,941,803",35.04
04/25/2015,04/29/2015,04/18,1.7223,1.6396,"10,250,823",34.87
04/25/2015,04/29/2015,04/11,1.6856,1.6132,"10,137,426",35.22
04/25/2015,04/29/2015,04/04,1.6407,1.5729,"9,550,948",35.33
04/25/2015,04/29/2015,03/28,1.6597,1.5823,"9,711,077",34.97
04/18/2015,04/22/2015,03/21,1.6408,1.5625,"11,098,151",34.89
04/18/2015,04/22/2015,03/28,1.6597,1.5823,"9,711,077",34.97
04/18/2015,04/22/2015,04/04,1.6407,1.5729,"9,550,948",35.33
04/18/2015,04/22/2015,04/11,1.6855,1.6131,"10,095,742",35.22
04/18/2015,04/22/2015,04/18,1.7223,1.6396,"10,250,823",34.87
04/11/2015,04/15/2015,04/11,1.6855,1.6131,"10,095,742",35.22
04/11/2015,04/15/2015,04/04,1.6407,1.5729,"9,550,948",35.33
04/11/2015,04/15/2015,03/28,1.6597,1.5823,"9,711,077",34.97
04/11/2015,04/15/2015,03/21,1.6408,1.5625,"11,098,151",34.89
04/11/2015,04/15/2015,03/14,1.6104,1.5345,"9,530,547",34.93
04/04/2015,04/08/2015,03/07,1.6052,1.5296,"10,397,994",34.93
04/04/2015,04/08/2015,03/14,1.6104,1.5345,"9,530,547",34.93
04/04/2015,04/08/2015,03/21,1.6408,1.5625,"11,098,151",34.89
04/04/2015,04/08/2015,03/28,1.6597,1.5823,"9,711,077",34.97
04/04/2015,04/08/2015,04/04,1.6407,1.5729,"9,557,021",35.33
03/28/2015,04/01/2015,03/28,1.6590,1.5819,"9,420,860",34.98
03/28/2015,04/01/2015,03/21,1.6409,1.5625,"11,056,298",34.89
03/28/2015,04/01/2015,03/14,1.6104,1.5345,"9,572,400",34.93
03/28/2015,04/01/2015,03/07,1.6052,1.5296,"10,397,994",34.93
03/28/2015,04/01/2015,02/28,1.6016,1.5257,"9,890,187",34.92
03/21/2015,03/25/2015,02/21,1.6024,1.5282,"10,377,959",34.99
03/21/2015,03/25/2015,02/28,1.6016,1.5257,"9,890,187",34.92
03/21/2015,03/25/2015,03/07,1.6052,1.5296,"10,397,994",34.93
03/21/2015,03/25/2015,03/14,1.6104,1.5345,"9,572,400",34.93
03/21/2015,03/25/2015,03/21,1.6409,1.5625,"11,056,298",34.89
03/14/2015,03/18/2015,03/14,1.6103,1.5345,"9,530,808",34.94
03/14/2015,03/18/2015,03/07,1.6052,1.5296,"10,397,994",34.93
03/14/2015,03/18/2015,02/28,1.6016,1.5257,"9,890,187",34.92
03/14/2015,03/18/2015,02/21,1.6024,1.5282,"10,377,959",34.99
03/14/2015,03/18/2015,02/14,1.6047,1.5251,"9,930,522",34.76
03/07/2015,03/11/2015,02/07,1.5950,1.5179,"10,173,876",34.85
03/07/2015,03/11/2015,02/14,1.6047,1.5251,"9,930,522",34.76
03/07/2015,03/11/2015,02/21,1.6024,1.5282,"10,377,959",34.99
03/07/2015,03/11/2015,02/28,1.6016,1.5257,"9,890,187",34.92
03/07/2015,03/11/2015,03/07,1.6052,1.5296,"10,397,994",34.93
02/28/2015,03/04/2015,02/28,1.6016,1.5257,"9,890,187",34.92
02/28/2015,03/04/2015,02/21,1.6024,1.5282,"10,377,959",34.99
02/28/2015,03/04/2015,02/14,1.6047,1.5251,"9,930,522",34.76
02/28/2015,03/04/2015,02/07,1.5950,1.5179,"10,173,876",34.85
02/28/2015,03/04/2015,01/31,1.5861,1.5122,"10,492,928",34.97
02/21/2015,02/25/2015,01/24,1.6351,1.5579,"9,927,461",34.93
02/21/2015,02/25/2015,01/31,1.5861,1.5122,"10,492,928",34.97
02/21/2015,02/25/2015,02/07,1.5950,1.5179,"10,173,876",34.85
02/21/2015,02/25/2015,02/14,1.6047,1.5251,"9,930,522",34.76
02/21/2015,02/25/2015,02/21,1.6024,1.5282,"10,377,959",34.99
02/14/2015,02/19/2015,02/14,1.6047,1.5251,"9,930,522",34.76
02/14/2015,02/19/2015,02/07,1.5950,1.5179,"10,173,876",34.85
02/14/2015,02/19/2015,01/31,1.5861,1.5122,"10,492,928",34.97
02/14/2015,02/19/2015,01/24,1.6351,1.5579,"9,927,461",34.93
02/14/2015,02/19/2015,01/17,1.6417,1.5661,"9,843,246",35.01
02/07/2015,02/11/2015,01/10,1.6091,1.5322,"10,718,107",34.89
02/07/2015,02/11/2015,01/17,1.6417,1.5661,"9,843,246",35.01
02/07/2015,02/11/2015,01/24,1.6351,1.5579,"9,927,461",34.93
02/07/2015,02/11/2015,01/31,1.5861,1.5122,"10,492,928",34.97
02/07/2015,02/11/2015,02/07,1.5950,1.5179,"10,173,876",34.85
01/31/2015,02/04/2015,01/31,1.5861,1.5122,"10,492,928",34.97
01/31/2015,02/04/2015,01/24,1.6351,1.5579,"9,927,461",34.93
01/31/2015,02/04/2015,01/17,1.6417,1.5661,"9,843,246",35.01
01/31/2015,02/04/2015,01/10,1.6091,1.5322,"10,718,107",34.89
01/31/2015,02/04/2015,01/03,1.6474,1.5672,"9,122,463",34.83
01/24/2015,01/28/2015,12/27,1.6648,1.5894,"8,306,632",35.06
01/24/2015,01/28/2015,01/03,1.6474,1.5672,"9,122,463",34.83
01/24/2015,01/28/2015,01/10,1.6091,1.5322,"10,718,107",34.89
01/24/2015,01/28/2015,01/17,1.6417,1.5661,"9,843,246",35.01
01/24/2015,01/28/2015,01/24,1.6374,1.5594,"9,549,322",34.90
01/17/2015,01/22/2015,01/17,1.6417,1.5661,"9,843,246",35.01
01/17/2015,01/22/2015,01/10,1.6091,1.5322,"10,718,107",34.89
01/17/2015,01/22/2015,01/03,1.6474,1.5672,"9,122,463",34.83
01/17/2015,01/22/2015,12/27,1.6648,1.5894,"8,306,632",35.06
01/17/2015,01/22/2015,12/20,1.6680,1.5900,"9,999,121",34.96
01/10/2015,01/14/2015,12/13,1.7866,1.7038,"10,442,002",34.99
01/10/2015,01/14/2015,12/20,1.6680,1.5900,"9,999,121",34.96
01/10/2015,01/14/2015,12/27,1.6648,1.5894,"8,306,632",35.06
01/10/2015,01/14/2015,01/03,1.6474,1.5672,"9,122,463",34.83
01/10/2015,01/14/2015,01/10,1.6091,1.5322,"10,718,107",34.89
01/03/2015,01/07/2015,01/03,1.6474,1.5672,"9,122,463",34.83
01/03/2015,01/07/2015,12/27,1.6648,1.5894,"8,306,632",35.06
01/03/2015,01/07/2015,12/20,1.6680,1.5900,"9,999,121",34.96
01/03/2015,01/07/2015,12/13,1.7866,1.7038,"10,442,002",34.99
01/03/2015,01/07/2015,12/06,1.9197,1.8297,"9,961,261",34.95
12/27/2014,12/31/2014,11/29,2.0601,1.9682,"8,641,700",35.10
12/27/2014,12/31/2014,12/06,1.9197,1.8297,"9,961,261",34.95
12/27/2014,12/31/2014,12/13,1.7866,1.7038,"10,442,002",34.99
12/27/2014,12/31/2014,12/20,1.6680,1.5900,"9,999,121",34.96
12/27/2014,12/31/2014,12/27,1.6648,1.5894,"8,306,632",35.06
12/20/2014,12/24/2014,12/20,1.6680,1.5900,"9,999,121",34.96
12/20/2014,12/24/2014,12/13,1.7866,1.7038,"10,442,002",34.99
12/20/2014,12/24/2014,12/06,1.9197,1.8297,"9,961,261",34.95
12/20/2014,12/24/2014,11/29,2.0601,1.9682,"8,641,700",35.10
12/20/2014,12/24/2014,11/22,2.1915,2.0934,"10,376,595",35.10
12/13/2014,12/17/2014,11/15,2.2496,2.1503,"7,235,356",35.14
12/13/2014,12/17/2014,11/22,2.1913,2.0932,"10,385,733",35.09
12/13/2014,12/17/2014,11/29,2.0601,1.9682,"8,641,700",35.10
12/13/2014,12/17/2014,12/06,1.9197,1.8297,"9,961,261",34.95
12/13/2014,12/17/2014,12/13,1.7864,1.7030,"10,292,666",34.97
12/06/2014,12/10/2014,12/06,1.9197,1.8297,"9,961,261",34.95
12/06/2014,12/10/2014,11/29,2.0601,1.9682,"8,641,700",35.10
12/06/2014,12/10/2014,11/22,2.1913,2.0932,"10,385,733",35.09
12/06/2014,12/10/2014,11/15,2.2496,2.1503,"7,235,356",35.14
12/06/2014,12/10/2014,11/08,2.1946,2.0912,"9,587,393",34.93
11/29/2014,12/03/2014,11/01,2.2334,2.1271,"8,972,580",34.90
11/29/2014,12/03/2014,11/08,2.1946,2.0912,"9,587,393",34.93
11/29/2014,12/03/2014,11/15,2.2496,2.1503,"7,235,356",35.14
11/29/2014,12/03/2014,11/22,2.1913,2.0932,"10,385,733",35.09
11/29/2014,12/03/2014,11/29,2.0603,1.9683,"8,631,812",35.10
11/22/2014,11/26/2014,11/22,2.1910,2.0928,"10,344,088",35.09
11/22/2014,11/26/2014,11/15,2.2496,2.1503,"7,235,356",35.14
11/22/2014,11/26/2014,11/08,2.1946,2.0912,"9,587,393",34.93
11/22/2014,11/26/2014,11/01,2.2334,2.1271,"8,972,580",34.90
11/22/2014,11/26/2014,10/25,2.2754,2.1701,"9,883,909",34.99
11/15/2014,11/19/2014,10/18,2.3171,2.2149,"9,378,425",35.14
11/15/2014,11/19/2014,10/25,2.2754,2.1701,"9,883,909",34.99
11/15/2014,11/19/2014,11/01,2.2334,2.1271,"8,972,580",34.90
11/15/2014,11/19/2014,11/08,2.1946,2.0912,"9,587,393",34.93
11/15/2014,11/19/2014,11/15,2.2496,2.1503,"7,235,356",35.14
11/08/2014,11/13/2014,11/08,2.1946,2.0912,"9,587,393",34.93
11/08/2014,11/13/2014,11/01,2.2334,2.1271,"8,972,580",34.90
11/08/2014,11/13/2014,10/25,2.2754,2.1701,"9,883,909",34.99
11/08/2014,11/13/2014,10/18,2.3171,2.2149,"9,378,425",35.14
11/08/2014,11/13/2014,10/11,2.4402,2.3301,"8,367,413",35.07
11/01/2014,11/05/2014,10/04,2.5982,2.4756,"9,586,457",34.93
11/01/2014,11/05/2014,10/11,2.4402,2.3301,"8,367,413",35.07
11/01/2014,11/05/2014,10/18,2.3171,2.2149,"9,378,425",35.14
11/01/2014,11/05/2014,10/25,2.2754,2.1701,"9,883,909",34.99
11/01/2014,11/05/2014,11/01,2.2334,2.1271,"8,972,580",34.90
10/25/2014,10/29/2014,10/25,2.2754,2.1701,"9,883,909",34.99
10/25/2014,10/29/2014,10/18,2.3171,2.2149,"9,378,425",35.14
10/25/2014,10/29/2014,10/11,2.4402,2.3300,"8,367,413",35.07
10/25/2014,10/29/2014,10/04,2.5981,2.4762,"9,634,610",34.95
10/25/2014,10/29/2014,09/27,2.5416,2.4271,"9,391,024",35.07
10/18/2014,10/22/2014,09/20,2.4962,2.3769,"9,613,316",34.89
10/18/2014,10/22/2014,09/27,2.5416,2.4271,"9,391,024",35.07
10/18/2014,10/22/2014,10/04,2.5981,2.4762,"9,634,610",34.95
10/18/2014,10/22/2014,10/11,2.4402,2.3300,"8,367,413",35.07
10/18/2014,10/22/2014,10/18,2.3171,2.2149,"9,378,425",35.14
10/11/2014,10/16/2014,10/11,2.4402,2.3300,"8,367,413",35.07
10/11/2014,10/16/2014,10/04,2.5981,2.4762,"9,634,610",34.95
10/11/2014,10/16/2014,09/27,2.5416,2.4271,"9,391,024",35.07
10/11/2014,10/16/2014,09/20,2.4962,2.3769,"9,613,316",34.89
10/11/2014,10/16/2014,09/13,2.4661,2.3489,"9,747,840",34.91
10/04/2014,10/08/2014,09/06,2.4284,2.3127,"10,134,094",34.90
10/04/2014,10/08/2014,09/13,2.4661,2.3489,"9,747,840",34.91
10/04/2014,10/08/2014,09/20,2.4962,2.3769,"9,613,316",34.89
10/04/2014,10/08/2014,09/27,2.5416,2.4271,"9,391,024",35.07
10/04/2014,10/08/2014,10/04,2.5984,2.4764,"9,634,610",34.95
09/27/2014,10/01/2014,09/27,2.5416,2.4277,"8,123,228",35.09
09/27/2014,10/01/2014,09/20,2.4963,2.3770,"9,613,316",34.89
09/27/2014,10/01/2014,09/13,2.4666,2.3494,"9,727,188",34.91
09/27/2014,10/01/2014,09/06,2.4284,2.3127,"10,134,094",34.90
09/27/2014,10/01/2014,08/30,2.3535,2.2411,"10,150,215",34.89
09/20/2014,09/24/2014,08/23,2.2923,2.1820,"10,547,872",34.86
09/20/2014,09/24/2014,08/30,2.3535,2.2411,"10,150,215",34.89
09/20/2014,09/24/2014,09/06,2.4284,2.3127,"10,134,094",34.90
09/20/2014,09/24/2014,09/13,2.4666,2.3494,"9,727,188",34.91
09/20/2014,09/24/2014,09/20,2.4963,2.3770,"9,613,316",34.89
09/13/2014,09/17/2014,09/13,2.4666,2.3465,"9,727,188",34.83
09/13/2014,09/17/2014,09/06,2.4283,2.3128,"10,144,882",34.90
09/13/2014,09/17/2014,08/30,2.3534,2.2410,"10,157,777",34.89
09/13/2014,09/17/2014,08/23,2.2923,2.1823,"10,547,872",34.88
09/13/2014,09/17/2014,08/16,2.2251,2.1175,"10,500,551",34.85
09/06/2014,09/10/2014,08/09,2.1481,2.0443,"10,043,006",34.85
09/06/2014,09/10/2014,08/16,2.2251,2.1175,"10,500,551",34.85
09/06/2014,09/10/2014,08/23,2.2929,2.1823,"10,100,018",34.86
09/06/2014,09/10/2014,08/30,2.3534,2.2410,"10,157,777",34.89
09/06/2014,09/10/2014,09/06,2.4244,2.3095,"10,020,819",34.91
08/30/2014,09/04/2014,08/30,2.3525,2.2403,"9,990,166",34.90
08/30/2014,09/04/2014,08/23,2.2930,2.1824,"10,100,018",34.86
08/30/2014,09/04/2014,08/16,2.2251,2.1175,"10,500,551",34.85
08/30/2014,09/04/2014,08/09,2.1481,2.0443,"10,043,006",34.85
08/30/2014,09/04/2014,08/02,2.1749,2.0720,"9,453,812",34.92
08/23/2014,08/27/2014,07/26,2.1592,2.0606,"11,025,828",35.03
08/23/2014,08/27/2014,08/02,2.1756,2.0726,"9,453,812",34.92
08/23/2014,08/27/2014,08/09,2.1481,2.0443,"10,043,006",34.85
08/23/2014,08/27/2014,08/16,2.2251,2.1175,"10,500,551",34.85
08/23/2014,08/27/2014,08/23,2.2930,2.1824,"10,100,018",34.86
08/16/2014,08/20/2014,08/16,2.2251,2.1175,"10,500,551",34.85
08/16/2014,08/20/2014,08/09,2.1481,2.0443,"10,043,006",34.85
08/16/2014,08/20/2014,08/02,2.1756,2.0726,"9,453,812",34.92
08/16/2014,08/20/2014,07/26,2.1592,2.0606,"11,025,828",35.03
08/16/2014,08/20/2014,07/19,2.1243,2.0355,"10,274,911",35.30
08/09/2014,08/13/2014,07/12,2.1504,2.0502,"10,609,167",34.97
08/09/2014,08/13/2014,07/19,2.1243,2.0355,"10,274,911",35.30
08/09/2014,08/13/2014,07/26,2.1592,2.0606,"11,025,828",35.03
08/09/2014,08/13/2014,08/02,2.1756,2.0726,"9,453,812",34.92
08/09/2014,08/13/2014,08/09,2.1481,2.0443,"10,043,006",34.85
08/02/2014,08/06/2014,08/02,2.1756,2.0726,"9,451,766",34.92
08/02/2014,08/06/2014,07/26,2.1592,2.0606,"11,025,828",35.03
08/02/2014,08/06/2014,07/19,2.1243,2.0355,"10,274,911",35.30
08/02/2014,08/06/2014,07/12,2.1504,2.0502,"10,609,167",34.97
08/02/2014,08/06/2014,07/05,2.1413,2.0479,"8,683,292",35.17
07/26/2014,07/30/2014,06/28,2.1030,2.0165,"9,765,195",35.34
07/26/2014,07/30/2014,07/05,2.1413,2.0479,"8,683,292",35.17
07/26/2014,07/30/2014,07/12,2.1504,2.0502,"10,609,167",34.97
07/26/2014,07/30/2014,07/19,2.1243,2.0355,"10,274,911",35.30
07/26/2014,07/30/2014,07/26,2.1592,2.0606,"11,025,828",35.03
07/19/2014,07/23/2014,07/19,2.1243,2.0355,"10,274,911",35.30
07/19/2014,07/23/2014,07/12,2.1504,2.0502,"10,609,167",34.97
07/19/2014,07/23/2014,07/05,2.1413,2.0479,"8,683,292",35.17
07/19/2014,07/23/2014,06/28,2.1030,2.0165,"9,765,195",35.34
07/19/2014,07/23/2014,06/21,2.0990,2.0131,"10,566,722",35.35
07/12/2014,07/16/2014,06/14,2.1080,2.0176,"10,462,140",35.22
07/12/2014,07/16/2014,06/21,2.0990,2.0131,"10,566,722",35.35
07/12/2014,07/16/2014,06/28,2.1030,2.0165,"9,765,195",35.34
07/12/2014,07/16/2014,07/05,2.1413,2.0479,"8,683,292",35.17
07/12/2014,07/16/2014,07/12,2.1504,2.0502,"10,609,167",34.97
07/05/2014,07/09/2014,07/05,2.1413,2.0479,"8,683,292",35.17
07/05/2014,07/09/2014,06/28,2.1030,2.0165,"9,765,195",35.34
07/05/2014,07/09/2014,06/21,2.0990,2.0131,"10,566,722",35.35
07/05/2014,07/09/2014,06/14,2.1080,2.0176,"10,462,140",35.22
07/05/2014,07/09/2014,06/07,2.1114,2.0206,"11,091,968",35.21
06/28/2014,07/02/2014,05/31,2.1477,2.0563,"9,999,196",35.24
06/28/2014,07/02/2014,06/07,2.1114,2.0206,"11,091,968",35.21
06/28/2014,07/02/2014,06/14,2.1080,2.0176,"10,462,140",35.22
06/28/2014,07/02/2014,06/21,2.0990,2.0131,"10,566,722",35.35
06/28/2014,07/02/2014,06/28,2.1030,2.0165,"9,765,195",35.34
06/21/2014,06/25/2014,06/21,2.0990,2.0131,"10,566,722",35.35
06/21/2014,06/25/2014,06/14,2.1080,2.0176,"10,462,140",35.22
06/21/2014,06/25/2014,06/07,2.1114,2.0206,"11,091,968",35.21
06/21/2014,06/25/2014,05/31,2.1477,2.0563,"9,999,196",35.24
06/21/2014,06/25/2014,05/24,2.1978,2.0959,"8,604,343",34.99
06/14/2014,06/18/2014,05/17,2.2730,2.1651,"10,115,480",34.91
06/14/2014,06/18/2014,05/24,2.1978,2.0959,"8,604,343",34.99
06/14/2014,06/18/2014,05/31,2.1477,2.0563,"9,999,196",35.24
06/14/2014,06/18/2014,06/07,2.1114,2.0206,"11,091,968",35.21
06/14/2014,06/18/2014,06/14,2.1080,2.0176,"10,462,140",35.22
06/07/2014,06/11/2014,06/07,2.1115,2.0207,"11,091,968",35.21
06/07/2014,06/11/2014,05/31,2.1477,2.0563,"9,999,196",35.24
06/07/2014,06/11/2014,05/24,2.1978,2.0959,"8,604,343",34.99
06/07/2014,06/11/2014,05/17,2.2730,2.1651,"10,115,480",34.91
06/07/2014,06/11/2014,05/10,2.3326,2.2299,"9,178,463",35.14
05/31/2014,06/04/2014,05/03,2.3551,2.2553,"10,329,392",35.26
05/31/2014,06/04/2014,05/10,2.3326,2.2299,"9,178,463",35.14
05/31/2014,06/04/2014,05/17,2.2730,2.1651,"10,115,480",34.91
05/31/2014,06/04/2014,05/24,2.1978,2.0959,"8,604,343",34.99
05/31/2014,06/04/2014,05/31,2.1477,2.0563,"9,999,196",35.24
05/24/2014,05/29/2014,05/24,2.1978,2.0959,"8,604,343",34.99
05/24/2014,05/29/2014,05/17,2.2730,2.1651,"10,115,480",34.91
05/24/2014,05/29/2014,05/10,2.3326,2.2299,"9,178,463",35.14
05/24/2014,05/29/2014,05/03,2.3554,2.2556,"10,329,392",35.26
05/24/2014,05/29/2014,04/26,2.3543,2.2495,"9,518,682",35.11
05/17/2014,05/21/2014,04/19,2.3901,2.2817,"8,884,327",35.06
05/17/2014,05/21/2014,04/26,2.3543,2.2495,"9,518,682",35.11
05/17/2014,05/21/2014,05/03,2.3554,2.2556,"10,329,392",35.26
05/17/2014,05/21/2014,05/10,2.3326,2.2299,"9,178,463",35.14
05/17/2014,05/21/2014,05/17,2.2730,2.1651,"10,115,480",34.91
05/10/2014,05/14/2014,05/10,2.3326,2.2299,"9,178,463",35.14
05/10/2014,05/14/2014,05/03,2.3554,2.2556,"10,329,392",35.26
05/10/2014,05/14/2014,04/26,2.3543,2.2495,"9,518,682",35.11
05/10/2014,05/14/2014,04/19,2.3901,2.2817,"8,884,327",35.06
05/10/2014,05/14/2014,04/12,2.4465,2.3440,"9,469,157",35.29
05/03/2014,05/07/2014,04/05,2.4720,2.3587,"9,873,253",35.02
05/03/2014,05/07/2014,04/12,2.4465,2.3440,"9,469,157",35.29
05/03/2014,05/07/2014,04/19,2.3901,2.2817,"8,884,327",35.06
05/03/2014,05/07/2014,04/26,2.3543,2.2495,"9,518,682",35.11
05/03/2014,05/07/2014,05/03,2.3555,2.2556,"10,323,173",35.25
04/26/2014,04/30/2014,04/26,2.3543,2.2495,"9,518,682",35.11
04/26/2014,04/30/2014,04/19,2.3901,2.2817,"8,884,327",35.06
04/26/2014,04/30/2014,04/12,2.4465,2.3440,"9,469,157",35.29
04/26/2014,04/30/2014,04/05,2.4720,2.3587,"9,873,253",35.02
04/26/2014,04/30/2014,03/29,2.4260,2.3216,"9,275,047",35.21
04/19/2014,04/23/2014,03/22,2.3816,2.2807,"8,710,000",35.26
04/19/2014,04/23/2014,03/29,2.4260,2.3216,"9,275,047",35.21
04/19/2014,04/23/2014,04/05,2.4720,2.3587,"9,873,253",35.02
04/19/2014,04/23/2014,04/12,2.4465,2.3440,"9,469,157",35.29
04/19/2014,04/23/2014,04/19,2.3901,2.2817,"8,884,327",35.06
04/12/2014,04/16/2014,04/12,2.4465,2.3440,"9,469,157",35.29
04/12/2014,04/16/2014,04/05,2.4721,2.3588,"9,873,253",35.02
04/12/2014,04/16/2014,03/29,2.4260,2.3216,"9,275,047",35.21
04/12/2014,04/16/2014,03/22,2.3816,2.2807,"8,710,000",35.26
04/12/2014,04/16/2014,03/15,2.3378,2.2344,"9,334,976",35.13
04/05/2014,04/09/2014,03/08,2.3135,2.2137,"8,630,241",35.20
04/05/2014,04/09/2014,03/15,2.3378,2.2344,"9,334,976",35.13
04/05/2014,04/09/2014,03/22,2.3816,2.2807,"8,710,000",35.26
04/05/2014,04/09/2014,03/29,2.4260,2.3216,"9,275,047",35.21
04/05/2014,04/09/2014,04/05,2.4714,2.3583,"9,791,947",35.03
03/29/2014,04/02/2014,03/29,2.4260,2.3216,"9,275,047",35.21
03/29/2014,04/02/2014,03/22,2.3815,2.2806,"8,710,000",35.26
03/29/2014,04/02/2014,03/15,2.3378,2.2344,"9,334,976",35.13
03/29/2014,04/02/2014,03/08,2.3135,2.2137,"8,630,241",35.20
03/29/2014,04/02/2014,03/01,2.3106,2.2069,"8,864,719",35.09
03/22/2014,03/26/2014,02/22,2.3547,2.2506,"9,712,372",35.13
03/22/2014,03/26/2014,03/01,2.3106,2.2069,"8,864,719",35.09
03/22/2014,03/26/2014,03/08,2.3147,2.2148,"8,630,241",35.20
03/22/2014,03/26/2014,03/15,2.3378,2.2344,"9,334,976",35.13
03/22/2014,03/26/2014,03/22,2.3815,2.2806,"8,710,000",35.26
03/15/2014,03/19/2014,03/15,2.3378,2.2344,"9,334,976",35.13
03/15/2014,03/19/2014,03/08,2.3147,2.2148,"8,630,241",35.20
03/15/2014,03/19/2014,03/01,2.3106,2.2069,"8,864,719",35.09
03/15/2014,03/19/2014,02/22,2.3547,2.2506,"9,712,372",35.13
03/15/2014,03/19/2014,02/15,2.4295,2.3244,"9,721,245",35.20
03/08/2014,03/12/2014,02/08,2.4128,2.3016,"10,350,172",35.01
03/08/2014,03/12/2014,02/15,2.4295,2.3244,"9,721,245",35.20
03/08/2014,03/12/2014,02/22,2.3547,2.2506,"9,712,372",35.13
03/08/2014,03/12/2014,03/01,2.3106,2.2069,"8,864,719",35.09
03/08/2014,03/12/2014,03/08,2.3147,2.2148,"8,630,241",35.20
03/01/2014,03/05/2014,03/01,2.3106,2.2069,"8,863,699",35.09
03/01/2014,03/05/2014,02/22,2.3547,2.2506,"9,712,372",35.13
03/01/2014,03/05/2014,02/15,2.4295,2.3244,"9,721,245",35.20
03/01/2014,03/05/2014,02/08,2.4128,2.3016,"10,350,172",35.01
03/01/2014,03/05/2014,02/01,2.3509,2.2347,"9,209,445",34.78
02/22/2014,02/26/2014,01/25,2.2583,2.1496,"9,782,170",34.86
02/22/2014,02/26/2014,02/01,2.3509,2.2347,"9,209,445",34.78
02/22/2014,02/26/2014,02/08,2.4128,2.3016,"10,350,172",35.01
02/22/2014,02/26/2014,02/15,2.4295,2.3244,"9,721,245",35.20
02/22/2014,02/26/2014,02/22,2.3547,2.2506,"9,712,372",35.13
02/15/2014,02/20/2014,02/15,2.4295,2.3244,"9,721,245",35.20
02/15/2014,02/20/2014,02/08,2.4128,2.3016,"10,350,172",35.01
02/15/2014,02/20/2014,02/01,2.3509,2.2347,"9,209,445",34.78
02/15/2014,02/20/2014,01/25,2.2583,2.1496,"9,782,170",34.86
02/15/2014,02/20/2014,01/18,2.1447,2.0405,"9,849,953",34.83
02/08/2014,02/12/2014,01/11,2.0470,1.9493,"10,496,327",34.89
02/08/2014,02/12/2014,01/18,2.1447,2.0405,"9,849,953",34.83
02/08/2014,02/12/2014,01/25,2.2583,2.1496,"9,782,170",34.86
02/08/2014,02/12/2014,02/01,2.3509,2.2347,"9,209,445",34.78
02/08/2014,02/12/2014,02/08,2.4128,2.3016,"10,350,172",35.01
02/01/2014,02/05/2014,02/01,2.3507,2.2348,"9,157,247",34.78
02/01/2014,02/05/2014,01/25,2.2583,2.1496,"9,782,170",34.86
02/01/2014,02/05/2014,01/18,2.1466,2.0423,"9,849,953",34.83
02/01/2014,02/05/2014,01/11,2.0470,1.9493,"10,496,327",34.89
02/01/2014,02/05/2014,01/04,2.0602,1.9664,"10,433,576",35.04
01/25/2014,01/29/2014,12/28,1.9906,1.9000,"9,889,304",35.04
01/25/2014,01/29/2014,01/04,2.0601,1.9664,"10,442,145",35.04
01/25/2014,01/29/2014,01/11,2.0468,1.9492,"10,514,216",34.90
01/25/2014,01/29/2014,01/18,2.1466,2.0424,"9,858,630",34.84
01/25/2014,01/29/2014,01/25,2.2583,2.1496,"9,782,170",34.86
01/18/2014,01/23/2014,01/18,2.1466,2.0424,"9,858,630",34.84
01/18/2014,01/23/2014,01/11,2.0468,1.9492,"10,514,216",34.90
01/18/2014,01/23/2014,01/04,2.0601,1.9664,"10,442,145",35.04
01/18/2014,01/23/2014,12/28,1.9906,1.9000,"9,889,304",35.04
01/18/2014,01/23/2014,12/21,1.9219,1.8358,"10,207,370",35.09
01/11/2014,01/15/2014,12/14,1.9450,1.8512,"11,302,901",34.86
01/11/2014,01/15/2014,12/21,1.9219,1.8358,"10,207,370",35.09
01/11/2014,01/15/2014,12/28,1.9906,1.9000,"9,889,304",35.04
01/11/2014,01/15/2014,01/04,2.0602,1.9665,"10,442,145",35.04
01/11/2014,01/15/2014,01/11,2.0463,1.9490,"10,432,246",34.91
01/04/2014,01/08/2014,01/04,2.0600,1.9666,"10,364,785",35.06
01/04/2014,01/08/2014,12/28,1.9897,1.8990,"9,930,157",35.04
01/04/2014,01/08/2014,12/21,1.9219,1.8358,"10,207,370",35.09
01/04/2014,01/08/2014,12/14,1.9459,1.8521,"11,302,901",34.86
01/04/2014,01/08/2014,12/07,1.8959,1.8105,"11,839,380",35.07
12/28/2013,01/02/2014,11/30,1.8911,1.8114,"8,288,278",35.27
12/28/2013,01/02/2014,12/07,1.8960,1.8106,"11,839,380",35.07
12/28/2013,01/02/2014,12/14,1.9459,1.8521,"11,302,901",34.86
12/28/2013,01/02/2014,12/21,1.9219,1.8358,"10,207,370",35.09
12/28/2013,01/02/2014,12/28,1.9897,1.8990,"9,930,157",35.04
12/21/2013,12/26/2013,12/21,1.9219,1.8358,"10,207,370",35.09
12/21/2013,12/26/2013,12/14,1.9459,1.8521,"11,302,901",34.86
12/21/2013,12/26/2013,12/07,1.8960,1.8106,"11,839,380",35.07
12/21/2013,12/26/2013,11/30,1.8911,1.8114,"8,288,278",35.27
12/21/2013,12/26/2013,11/23,1.9146,1.8362,"9,517,889",35.35
12/14/2013,12/18/2013,11/16,1.9499,1.8647,"8,970,443",35.17
12/14/2013,12/18/2013,11/23,1.9146,1.8362,"9,517,889",35.35
12/14/2013,12/18/2013,11/30,1.8911,1.8114,"8,288,278",35.27
12/14/2013,12/18/2013,12/07,1.8960,1.8106,"11,839,380",35.07
12/14/2013,12/18/2013,12/14,1.9459,1.8521,"11,302,901",34.86
12/07/2013,12/11/2013,12/07,1.8960,1.8106,"11,839,380",35.07
12/07/2013,12/11/2013,11/30,1.8911,1.8114,"8,288,278",35.27
12/07/2013,12/11/2013,11/23,1.9146,1.8362,"9,517,889",35.35
12/07/2013,12/11/2013,11/16,1.9499,1.8647,"8,970,443",35.17
12/07/2013,12/11/2013,11/09,1.9353,1.8543,"9,880,856",35.29
11/30/2013,12/04/2013,11/02,1.9035,1.8203,"9,523,773",35.17
11/30/2013,12/04/2013,11/09,1.9352,1.8542,"9,880,856",35.29
11/30/2013,12/04/2013,11/16,1.9500,1.8648,"8,970,443",35.17
11/30/2013,12/04/2013,11/23,1.9146,1.8362,"9,517,889",35.35
11/30/2013,12/04/2013,11/30,1.8911,1.8114,"8,288,278",35.27
11/23/2013,11/27/2013,11/23,1.9146,1.8362,"9,517,889",35.35
11/23/2013,11/27/2013,11/16,1.9500,1.8648,"8,970,443",35.17
11/23/2013,11/27/2013,11/09,1.9352,1.8542,"9,880,856",35.29
11/23/2013,11/27/2013,11/02,1.9035,1.8203,"9,523,773",35.17
11/23/2013,11/27/2013,10/26,1.8820,1.7999,"9,700,011",35.17
11/16/2013,11/20/2013,10/19,1.8509,1.7692,"10,163,122",35.14
11/16/2013,11/20/2013,10/26,1.8820,1.7999,"9,700,011",35.17
11/16/2013,11/20/2013,11/02,1.9035,1.8203,"9,523,773",35.17
11/16/2013,11/20/2013,11/09,1.9352,1.8542,"9,880,856",35.29
11/16/2013,11/20/2013,11/16,1.9500,1.8648,"8,970,443",35.17
11/09/2013,11/14/2013,11/09,1.9352,1.8542,"9,880,856",35.29
11/09/2013,11/14/2013,11/02,1.9035,1.8203,"9,523,773",35.17
11/09/2013,11/14/2013,10/26,1.8820,1.7999,"9,700,011",35.17
11/09/2013,11/14/2013,10/19,1.8509,1.7692,"10,163,122",35.14
11/09/2013,11/14/2013,10/12,.0000,1.7697,0,.00
11/02/2013,11/06/2013,10/05,.0000,1.7857,0,.00
11/02/2013,11/06/2013,10/12,.0000,1.7697,0,.00
11/02/2013,11/06/2013,10/19,1.8509,1.7692,"10,163,623",35.14
11/02/2013,11/06/2013,10/26,1.8820,1.7999,"9,700,011",35.17
11/02/2013,11/06/2013,11/02,1.9035,1.8203,"9,523,773",35.17
10/26/2013,10/30/2013,10/26,1.8821,1.8000,"9,700,011",35.17
10/26/2013,10/30/2013,10/19,1.8509,1.7692,"10,163,623",35.14
10/26/2013,10/30/2013,10/12,.0000,1.7697,0,.00
10/26/2013,10/30/2013,10/05,.0000,1.7857,0,.00
10/26/2013,10/30/2013,09/28,.0000,1.8136,0,.00
10/19/2013,10/23/2013,09/21,1.9129,1.8203,"9,017,162",34.85
10/19/2013,10/23/2013,09/28,.0000,1.8136,0,.00
10/19/2013,10/23/2013,10/05,.0000,1.7857,0,.00
10/19/2013,10/23/2013,10/12,.0000,1.7697,0,.00
10/19/2013,10/23/2013,10/19,1.8508,1.7691,"10,164,642",35.14
10/12/2013,10/23/2013,10/12,.0000,1.7697,0,.00
10/12/2013,10/23/2013,10/05,.0000,1.7857,0,.00
10/12/2013,10/23/2013,09/28,.0000,1.8136,0,.00
10/12/2013,10/23/2013,09/21,1.9129,1.8203,"9,017,162",34.85
10/12/2013,10/23/2013,09/14,1.8820,1.7917,"9,575,997",34.87
10/05/2013,10/23/2013,09/07,1.8505,1.7574,"8,458,333",34.71
10/05/2013,10/23/2013,09/14,1.8820,1.7917,"9,575,997",34.87
10/05/2013,10/23/2013,09/21,1.9129,1.8203,"9,017,162",34.85
10/05/2013,10/23/2013,09/28,.0000,1.8136,0,.00
10/05/2013,10/23/2013,10/05,.0000,1.7857,0,.00
09/28/2013,10/23/2013,09/28,.0000,1.8136,0,.00
09/28/2013,10/23/2013,09/21,1.9129,1.8203,"9,017,162",34.85
09/28/2013,10/23/2013,09/14,1.8820,1.7917,"9,575,997",34.87
09/28/2013,10/23/2013,09/07,1.8505,1.7574,"8,458,333",34.71
09/28/2013,10/23/2013,08/31,1.8297,1.7438,"8,198,196",34.95
09/21/2013,09/25/2013,08/24,1.8865,1.7972,"9,293,397",34.92
09/21/2013,09/25/2013,08/31,1.8297,1.7438,"8,198,196",34.95
09/21/2013,09/25/2013,09/07,1.8505,1.7574,"8,458,333",34.71
09/21/2013,09/25/2013,09/14,1.8820,1.7917,"9,575,997",34.87
09/21/2013,09/25/2013,09/21,1.9129,1.8203,"9,017,162",34.85
09/14/2013,09/18/2013,09/14,1.8820,1.7916,"9,578,575",34.87
09/14/2013,09/18/2013,09/07,1.8510,1.7577,"8,416,221",34.71
09/14/2013,09/18/2013,08/31,1.8297,1.7438,"8,198,196",34.95
09/14/2013,09/18/2013,08/24,1.8865,1.7972,"9,293,397",34.92
09/14/2013,09/18/2013,08/17,1.8913,1.8042,"8,787,701",35.01
09/07/2013,09/11/2013,08/10,1.8570,1.7735,"8,833,734",35.08
09/07/2013,09/11/2013,08/17,1.8913,1.8042,"8,787,701",35.01
09/07/2013,09/11/2013,08/24,1.8865,1.7972,"9,293,397",34.92
09/07/2013,09/11/2013,08/31,1.8297,1.7438,"8,198,196",34.95
09/07/2013,09/11/2013,09/07,1.8510,1.7577,"8,416,221",34.71
08/31/2013,09/05/2013,08/31,1.8297,1.7438,"8,198,196",34.95
08/31/2013,09/05/2013,08/24,1.8865,1.7972,"9,293,397",34.92
08/31/2013,09/05/2013,08/17,1.8913,1.8042,"8,787,701",35.01
08/31/2013,09/05/2013,08/10,1.8570,1.7735,"8,833,734",35.08
08/31/2013,09/05/2013,08/03,1.8266,1.7415,"8,824,992",34.97
08/24/2013,08/28/2013,07/27,1.7917,1.7096,"8,926,877",35.02
08/24/2013,08/28/2013,08/03,1.8266,1.7415,"8,824,992",34.97
08/24/2013,08/28/2013,08/10,1.8570,1.7735,"8,833,734",35.08
08/24/2013,08/28/2013,08/17,1.8913,1.8042,"8,787,701",35.01
08/24/2013,08/28/2013,08/24,1.8865,1.7972,"9,293,397",34.92
08/17/2013,08/21/2013,08/17,1.8913,1.8043,"8,664,514",35.01
08/17/2013,08/21/2013,08/10,1.8569,1.7735,"8,792,363",35.08
08/17/2013,08/21/2013,08/03,1.8266,1.7415,"8,824,992",34.97
08/17/2013,08/21/2013,07/27,1.7917,1.7096,"8,926,877",35.02
08/17/2013,08/21/2013,07/20,1.7749,1.6899,"9,801,859",34.88
08/10/2013,08/14/2013,07/13,1.7732,1.6864,"10,508,081",34.81
08/10/2013,08/14/2013,07/20,1.7749,1.6899,"9,801,859",34.88
08/10/2013,08/14/2013,07/27,1.7917,1.7096,"8,926,877",35.02
08/10/2013,08/14/2013,08/03,1.8266,1.7415,"8,824,992",34.97
08/10/2013,08/14/2013,08/10,1.8569,1.7735,"8,792,363",35.08
08/03/2013,08/07/2013,08/03,1.8233,1.7386,"8,704,543",34.98
08/03/2013,08/07/2013,07/27,1.7917,1.7096,"8,926,877",35.02
08/03/2013,08/07/2013,07/20,1.7749,1.6899,"9,801,859",34.88
08/03/2013,08/07/2013,07/13,1.7732,1.6864,"10,508,081",34.81
08/03/2013,08/07/2013,07/06,1.7974,1.7108,"8,664,552",34.86
07/27/2013,07/31/2013,06/29,1.8733,1.7830,"9,324,215",34.86
07/27/2013,07/31/2013,07/06,1.7974,1.7108,"8,664,552",34.86
07/27/2013,07/31/2013,07/13,1.7732,1.6864,"10,508,081",34.81
07/27/2013,07/31/2013,07/20,1.7749,1.6899,"9,801,859",34.88
07/27/2013,07/31/2013,07/27,1.7917,1.7096,"8,926,877",35.02
07/20/2013,07/24/2013,07/20,1.7748,1.6896,"9,679,915",34.87
07/20/2013,07/24/2013,07/13,1.7732,1.6864,"10,508,081",34.81
07/20/2013,07/24/2013,07/06,1.7974,1.7108,"8,664,552",34.86
07/20/2013,07/24/2013,06/29,1.8733,1.7830,"9,324,215",34.86
07/20/2013,07/24/2013,06/22,1.8815,1.7963,"9,377,762",35.06
07/13/2013,07/17/2013,06/15,1.8478,1.7708,"9,649,471",35.31
07/13/2013,07/17/2013,06/22,1.8815,1.7963,"9,377,762",35.06
07/13/2013,07/17/2013,06/29,1.8733,1.7830,"9,324,215",34.86
07/13/2013,07/17/2013,07/06,1.7974,1.7108,"8,664,552",34.86
07/13/2013,07/17/2013,07/13,1.7732,1.6864,"10,508,081",34.81
07/06/2013,07/10/2013,07/06,1.7977,1.7110,"8,623,839",34.86
07/06/2013,07/10/2013,06/29,1.8733,1.7830,"9,324,215",34.86
07/06/2013,07/10/2013,06/22,1.8815,1.7963,"9,377,762",35.06
07/06/2013,07/10/2013,06/15,1.8478,1.7708,"9,649,471",35.31
07/06/2013,07/10/2013,06/08,1.8437,1.7622,"10,004,605",35.13
06/29/2013,07/03/2013,06/01,1.8609,1.7746,"9,466,972",34.99
06/29/2013,07/03/2013,06/08,1.8437,1.7622,"10,004,605",35.13
06/29/2013,07/03/2013,06/15,1.8478,1.7708,"9,649,471",35.31
06/29/2013,07/03/2013,06/22,1.8815,1.7963,"9,377,762",35.06
06/29/2013,07/03/2013,06/29,1.8733,1.7830,"9,324,215",34.86
06/22/2013,06/26/2013,06/22,1.8815,1.7963,"9,377,762",35.06
06/22/2013,06/26/2013,06/15,1.8479,1.7709,"9,690,366",35.31
06/22/2013,06/26/2013,06/08,1.8436,1.7621,"9,966,272",35.13
06/22/2013,06/26/2013,06/01,1.8609,1.7746,"9,466,972",34.99
06/22/2013,06/26/2013,05/25,1.8624,1.7775,"9,814,195",35.04
06/15/2013,06/19/2013,05/18,1.8484,1.7627,"8,951,331",34.99
06/15/2013,06/19/2013,05/25,1.8624,1.7775,"9,814,195",35.04
06/15/2013,06/19/2013,06/01,1.8609,1.7746,"9,466,972",34.99
06/15/2013,06/19/2013,06/08,1.8436,1.7621,"9,966,272",35.13
06/15/2013,06/19/2013,06/15,1.8479,1.7709,"9,690,366",35.31
06/08/2013,06/12/2013,06/08,1.8436,1.7621,"9,966,272",35.13
06/08/2013,06/12/2013,06/01,1.8609,1.7746,"9,466,972",34.99
06/08/2013,06/12/2013,05/25,1.8624,1.7775,"9,814,195",35.04
06/08/2013,06/12/2013,05/18,1.8484,1.7627,"8,951,331",34.99
06/08/2013,06/12/2013,05/11,1.8273,1.7419,"9,650,531",34.96
06/01/2013,06/05/2013,05/04,1.8548,1.7630,"9,929,940",34.77
06/01/2013,06/05/2013,05/11,1.8273,1.7419,"9,650,531",34.96
06/01/2013,06/05/2013,05/18,1.8484,1.7627,"8,951,331",34.99
06/01/2013,06/05/2013,05/25,1.8624,1.7775,"9,814,195",35.04
06/01/2013,06/05/2013,06/01,1.8609,1.7746,"9,466,972",34.99
05/25/2013,05/30/2013,05/25,1.8624,1.7775,"9,814,195",35.04
05/25/2013,05/30/2013,05/18,1.8484,1.7627,"8,951,331",34.99
05/25/2013,05/30/2013,05/11,1.8273,1.7419,"9,650,531",34.96
05/25/2013,05/30/2013,05/04,1.8548,1.7630,"9,929,940",34.77
05/25/2013,05/30/2013,04/27,1.8687,1.7754,"10,079,715",34.74
05/18/2013,05/22/2013,04/20,1.8122,1.7219,"9,438,915",34.75
05/18/2013,05/22/2013,04/27,1.8687,1.7754,"10,079,715",34.74
05/18/2013,05/22/2013,05/04,1.8548,1.7630,"9,929,940",34.77
05/18/2013,05/22/2013,05/11,1.8273,1.7419,"9,650,531",34.96
05/18/2013,05/22/2013,05/18,1.8484,1.7627,"8,951,331",34.99
05/11/2013,05/15/2013,05/11,1.8273,1.7419,"9,650,531",34.96
05/11/2013,05/15/2013,05/04,1.8548,1.7630,"9,929,940",34.77
05/11/2013,05/15/2013,04/27,1.8687,1.7754,"10,079,715",34.74
05/11/2013,05/15/2013,04/20,1.8122,1.7219,"9,438,915",34.75
05/11/2013,05/15/2013,04/13,1.7478,1.6676,"10,312,824",35.02
05/04/2013,05/08/2013,04/06,1.7268,1.6404,"10,282,274",34.74
05/04/2013,05/08/2013,04/13,1.7478,1.6676,"10,312,824",35.02
05/04/2013,05/08/2013,04/20,1.8122,1.7219,"9,438,915",34.75
05/04/2013,05/08/2013,04/27,1.8687,1.7754,"10,079,715",34.74
05/04/2013,05/08/2013,05/04,1.8548,1.7630,"9,929,940",34.77
04/27/2013,05/01/2013,04/27,1.8697,1.7764,"10,079,715",34.74
04/27/2013,05/01/2013,04/20,1.8122,1.7219,"9,438,915",34.75
04/27/2013,05/01/2013,04/13,1.7478,1.6676,"10,312,824",35.02
04/27/2013,05/01/2013,04/06,1.7268,1.6404,"10,282,274",34.74
04/27/2013,05/01/2013,03/30,1.7304,1.6493,"9,983,674",34.95
04/20/2013,04/24/2013,03/23,1.7004,1.6179,"9,463,323",34.84
04/20/2013,04/24/2013,03/30,1.7306,1.6494,"10,046,749",34.95
04/20/2013,04/24/2013,04/06,1.7274,1.6409,"10,435,677",34.73
04/20/2013,04/24/2013,04/13,1.7486,1.6682,"10,509,027",35.01
04/20/2013,04/24/2013,04/20,1.8111,1.7208,"9,317,115",34.75
04/13/2013,04/17/2013,04/13,1.7476,1.6673,"10,427,967",35.01
04/13/2013,04/17/2013,04/06,1.7277,1.6412,"10,435,677",34.73
04/13/2013,04/17/2013,03/30,1.7311,1.6499,"10,046,749",34.95
04/13/2013,04/17/2013,03/23,1.7007,1.6182,"9,463,323",34.84
04/13/2013,04/17/2013,03/16,1.6839,1.6039,"9,693,426",34.91
04/06/2013,04/10/2013,03/09,1.7080,1.6245,"9,630,487",34.81
04/06/2013,04/10/2013,03/16,1.6839,1.6039,"9,693,426",34.91
04/06/2013,04/10/2013,03/23,1.7007,1.6182,"9,463,323",34.84
04/06/2013,04/10/2013,03/30,1.7311,1.6499,"10,046,749",34.95
04/06/2013,04/10/2013,04/06,1.7277,1.6412,"10,435,677",34.73
03/30/2013,04/03/2013,03/30,1.7311,1.6499,"10,046,749",34.95
03/30/2013,04/03/2013,03/23,1.7007,1.6182,"9,463,323",34.84
03/30/2013,04/03/2013,03/16,1.6839,1.6039,"9,693,426",34.91
03/30/2013,04/03/2013,03/09,1.7080,1.6245,"9,630,487",34.81
03/30/2013,04/03/2013,03/02,1.7317,1.6501,"9,920,621",34.93
03/23/2013,03/27/2013,02/23,1.7081,1.6289,"10,288,693",34.99
03/23/2013,03/27/2013,03/02,1.7317,1.6501,"9,920,621",34.93
03/23/2013,03/27/2013,03/09,1.7080,1.6245,"9,630,487",34.81
03/23/2013,03/27/2013,03/16,1.6839,1.6039,"9,693,426",34.91
03/23/2013,03/27/2013,03/23,1.7007,1.6182,"9,463,323",34.84
03/16/2013,03/20/2013,03/16,1.6839,1.6039,"9,693,426",34.91
03/16/2013,03/20/2013,03/09,1.7080,1.6245,"9,630,487",34.81
03/16/2013,03/20/2013,03/02,1.7317,1.6501,"9,920,621",34.93
03/16/2013,03/20/2013,02/23,1.7081,1.6289,"10,288,693",34.99
03/16/2013,03/20/2013,02/16,1.6682,1.5903,"10,681,725",34.96
03/09/2013,03/13/2013,02/09,1.6940,1.6074,"12,103,083",34.66
03/09/2013,03/13/2013,02/16,1.6681,1.5902,"10,681,725",34.96
03/09/2013,03/13/2013,02/23,1.7081,1.6289,"10,288,693",34.99
03/09/2013,03/13/2013,03/02,1.7319,1.6503,"9,920,621",34.93
03/09/2013,03/13/2013,03/09,1.7080,1.6245,"9,630,487",34.81
03/02/2013,03/06/2013,03/02,1.7319,1.6503,"9,920,621",34.93
03/02/2013,03/06/2013,02/23,1.7081,1.6289,"10,288,693",34.99
03/02/2013,03/06/2013,02/16,1.6681,1.5902,"10,681,725",34.96
03/02/2013,03/06/2013,02/09,1.6940,1.6074,"12,103,083",34.66
03/02/2013,03/06/2013,02/02,1.7444,1.6562,"9,462,715",34.70
02/23/2013,02/27/2013,01/26,1.7936,1.7079,"9,660,688",34.89
02/23/2013,02/27/2013,02/02,1.7444,1.6562,"9,462,715",34.70
02/23/2013,02/27/2013,02/09,1.6940,1.6074,"12,103,083",34.66
02/23/2013,02/27/2013,02/16,1.6681,1.5902,"10,681,725",34.96
02/23/2013,02/27/2013,02/23,1.7077,1.6285,"10,168,097",34.99
02/16/2013,02/21/2013,02/16,1.6681,1.5902,"10,681,725",34.96
02/16/2013,02/21/2013,02/09,1.6940,1.6074,"12,103,083",34.66
02/16/2013,02/21/2013,02/02,1.7444,1.6562,"9,462,715",34.70
02/16/2013,02/21/2013,01/26,1.7936,1.7079,"9,660,688",34.89
02/16/2013,02/21/2013,01/19,1.8179,1.7274,"9,655,014",34.75
02/09/2013,02/13/2013,01/12,1.8307,1.7385,"12,318,502",34.71
02/09/2013,02/13/2013,01/19,1.8179,1.7274,"9,655,014",34.75
02/09/2013,02/13/2013,01/26,1.7936,1.7079,"9,660,688",34.89
02/09/2013,02/13/2013,02/02,1.7444,1.6562,"9,462,715",34.70
02/09/2013,02/13/2013,02/09,1.6932,1.6063,"11,396,230",34.65
02/02/2013,02/06/2013,02/02,1.7442,1.6563,"9,204,908",34.71
02/02/2013,02/06/2013,01/26,1.7936,1.7079,"9,660,688",34.89
02/02/2013,02/06/2013,01/19,1.8179,1.7274,"9,655,014",34.75
02/02/2013,02/06/2013,01/12,1.8307,1.7385,"12,318,502",34.71
02/02/2013,02/06/2013,01/05,1.8057,1.7130,"10,823,056",34.64
01/26/2013,01/30/2013,12/29,1.7916,1.7043,"8,925,942",34.82
01/26/2013,01/30/2013,01/05,1.8057,1.7130,"10,823,056",34.64
01/26/2013,01/30/2013,01/12,1.8307,1.7385,"12,318,502",34.71
01/26/2013,01/30/2013,01/19,1.8179,1.7274,"9,655,014",34.75
01/26/2013,01/30/2013,01/26,1.7937,1.7081,"9,345,983",34.89
01/19/2013,01/24/2013,01/19,1.8182,1.7277,"9,614,197",34.75
01/19/2013,01/24/2013,01/12,1.8307,1.7385,"12,318,502",34.71
01/19/2013,01/24/2013,01/05,1.8057,1.7130,"10,823,056",34.64
01/19/2013,01/24/2013,12/29,1.7916,1.7043,"8,925,942",34.82
01/19/2013,01/24/2013,12/22,1.8052,1.7146,"10,220,350",34.72
01/12/2013,01/16/2013,12/15,1.8489,1.7542,"10,135,354",34.65
01/12/2013,01/16/2013,12/22,1.8052,1.7146,"10,220,350",34.72
01/12/2013,01/16/2013,12/29,1.7916,1.7043,"8,925,942",34.82
01/12/2013,01/16/2013,01/05,1.8057,1.7130,"10,823,056",34.64
01/12/2013,01/16/2013,01/12,1.8305,1.7384,"12,160,598",34.72
01/05/2013,01/09/2013,01/05,1.7943,1.7032,"10,144,228",34.68
01/05/2013,01/09/2013,12/29,1.7918,1.7045,"8,925,942",34.82
01/05/2013,01/09/2013,12/22,1.8052,1.7146,"10,220,350",34.72
01/05/2013,01/09/2013,12/15,1.8489,1.7542,"10,135,354",34.65
01/05/2013,01/09/2013,12/08,1.8963,1.8001,"9,658,474",34.69
12/29/2012,01/03/2013,12/01,1.9350,1.8361,"10,587,456",34.66
12/29/2012,01/03/2013,12/08,1.8963,1.8001,"9,658,474",34.69
12/29/2012,01/03/2013,12/15,1.8489,1.7542,"10,135,354",34.65
12/29/2012,01/03/2013,12/22,1.8052,1.7146,"10,220,350",34.72
12/29/2012,01/03/2013,12/29,1.7919,1.7046,"8,885,827",34.82
12/22/2012,12/27/2012,12/22,1.8055,1.7151,"10,055,284",34.73
12/22/2012,12/27/2012,12/15,1.8489,1.7542,"10,135,355",34.65
12/22/2012,12/27/2012,12/08,1.8963,1.8001,"9,658,474",34.69
12/22/2012,12/27/2012,12/01,1.9350,1.8361,"10,587,456",34.66
12/22/2012,12/27/2012,11/24,2.0157,1.9099,"9,020,028",34.57
12/15/2012,12/19/2012,11/17,2.1321,2.0246,"9,315,777",34.71
12/15/2012,12/19/2012,11/24,2.0157,1.9099,"9,020,028",34.57
12/15/2012,12/19/2012,12/01,1.9350,1.8361,"10,587,456",34.66
12/15/2012,12/19/2012,12/08,1.8963,1.8001,"9,658,474",34.69
12/15/2012,12/19/2012,12/15,1.8493,1.7546,"10,012,378",34.65
12/08/2012,12/12/2012,12/08,1.9059,1.8093,"9,622,035",34.69
12/08/2012,12/12/2012,12/01,1.9351,1.8366,"10,670,494",34.67
12/08/2012,12/12/2012,11/24,2.0220,1.9160,"9,514,545",34.57
12/08/2012,12/12/2012,11/17,2.1365,2.0291,"9,947,906",34.72
12/08/2012,12/12/2012,11/10,2.1723,2.0649,"9,957,053",34.78
12/01/2012,12/05/2012,11/03,2.1516,2.0451,"9,487,897",34.77
12/01/2012,12/05/2012,11/10,2.1723,2.0649,"9,957,053",34.78
12/01/2012,12/05/2012,11/17,2.1365,2.0291,"9,947,906",34.72
12/01/2012,12/05/2012,11/24,2.0220,1.9160,"9,514,545",34.57
12/01/2012,12/05/2012,12/01,1.9359,1.8373,"10,498,343",34.67
11/24/2012,11/28/2012,11/24,2.0219,1.9160,"9,523,059",34.57
11/24/2012,11/28/2012,11/17,2.1365,2.0291,"9,947,906",34.72
11/24/2012,11/28/2012,11/10,2.1723,2.0649,"9,957,053",34.78
11/24/2012,11/28/2012,11/03,2.1516,2.0451,"9,487,897",34.77
11/24/2012,11/28/2012,10/27,2.1336,2.0277,"9,993,608",34.76
11/17/2012,11/21/2012,10/20,2.1698,2.0636,"9,727,449",34.81
11/17/2012,11/21/2012,10/27,2.1336,2.0277,"9,993,608",34.76
11/17/2012,11/21/2012,11/03,2.1516,2.0451,"9,487,897",34.77
11/17/2012,11/21/2012,11/10,2.1723,2.0649,"9,957,053",34.78
11/17/2012,11/21/2012,11/17,2.1363,2.0293,"9,672,692",34.73
11/10/2012,11/15/2012,11/10,2.1723,2.0614,"9,957,053",34.66
11/10/2012,11/15/2012,11/03,2.1516,2.0450,"9,487,897",34.77
11/10/2012,11/15/2012,10/27,2.1336,2.0271,"9,993,608",34.74
11/10/2012,11/15/2012,10/20,2.1708,2.0642,"9,727,449",34.80
11/10/2012,11/15/2012,10/13,2.1419,2.0368,"10,009,813",34.80
11/03/2012,11/07/2012,10/06,2.0925,1.9971,"10,398,850",35.04
11/03/2012,11/07/2012,10/13,2.1419,2.0368,"10,009,813",34.80
11/03/2012,11/07/2012,10/20,2.1708,2.0642,"9,727,449",34.80
11/03/2012,11/07/2012,10/27,2.1336,2.0271,"9,993,608",34.74
11/03/2012,11/07/2012,11/03,2.1513,2.0446,"9,362,228",34.76
10/27/2012,10/31/2012,10/27,2.1337,2.0274,"9,819,062",34.75
10/27/2012,10/31/2012,10/20,2.1708,2.0642,"9,727,449",34.80
10/27/2012,10/31/2012,10/13,2.1419,2.0368,"10,009,813",34.80
10/27/2012,10/31/2012,10/06,2.0925,1.9971,"10,398,850",35.04
10/27/2012,10/31/2012,09/29,2.0033,1.9060,"9,603,727",34.84
10/20/2012,10/24/2012,09/22,1.9198,1.8277,"10,019,099",34.88
10/20/2012,10/24/2012,09/29,2.0033,1.9060,"9,603,727",34.84
10/20/2012,10/24/2012,10/06,2.0925,1.9971,"10,398,850",35.04
10/20/2012,10/24/2012,10/13,2.1419,2.0368,"10,009,813",34.80
10/20/2012,10/24/2012,10/20,2.1711,2.0645,"9,563,748",34.80
10/13/2012,10/17/2012,10/13,2.1406,2.0354,"9,765,871",34.79
10/13/2012,10/17/2012,10/06,2.0925,1.9971,"10,398,850",35.04
10/13/2012,10/17/2012,09/29,2.0033,1.9060,"9,603,727",34.84
10/13/2012,10/17/2012,09/22,1.9198,1.8277,"10,019,099",34.88
10/13/2012,10/17/2012,09/15,1.9164,1.8192,"10,595,790",34.69
10/06/2012,10/11/2012,09/08,1.9377,1.8330,"11,057,988",34.46
10/06/2012,10/11/2012,09/15,1.9164,1.8192,"10,595,790",34.69
10/06/2012,10/11/2012,09/22,1.9198,1.8277,"10,019,099",34.88
10/06/2012,10/11/2012,09/29,2.0033,1.9060,"9,603,727",34.84
10/06/2012,10/11/2012,10/06,2.0915,1.9963,"10,223,900",35.04
09/29/2012,10/03/2012,09/29,2.0023,1.9051,"9,486,129",34.84
09/29/2012,10/03/2012,09/22,1.9198,1.8277,"10,019,099",34.88
09/29/2012,10/03/2012,09/15,1.9165,1.8193,"10,595,790",34.69
09/29/2012,10/03/2012,09/08,1.9377,1.8330,"11,057,988",34.46
09/29/2012,10/03/2012,09/01,1.9320,1.8318,"9,670,959",34.61
09/22/2012,09/26/2012,08/25,1.9252,1.8324,"10,326,055",34.86
09/22/2012,09/26/2012,09/01,1.9320,1.8318,"9,670,959",34.61
09/22/2012,09/26/2012,09/08,1.9377,1.8330,"11,057,988",34.46
09/22/2012,09/26/2012,09/15,1.9165,1.8193,"10,595,790",34.69
09/22/2012,09/26/2012,09/22,1.9190,1.8271,"9,883,662",34.88
09/15/2012,09/19/2012,09/15,1.9163,1.8190,"10,429,969",34.69
09/15/2012,09/19/2012,09/08,1.9377,1.8330,"11,057,988",34.46
09/15/2012,09/19/2012,09/01,1.9320,1.8318,"9,670,959",34.61
09/15/2012,09/19/2012,08/25,1.9252,1.8324,"10,326,055",34.86
09/15/2012,09/19/2012,08/18,1.8698,1.7819,"9,502,681",34.94
09/08/2012,09/12/2012,08/11,1.8047,1.7137,"10,004,452",34.71
09/08/2012,09/12/2012,08/18,1.8698,1.7819,"9,502,681",34.94
09/08/2012,09/12/2012,08/25,1.9252,1.8324,"10,326,055",34.86
09/08/2012,09/12/2012,09/01,1.9320,1.8318,"9,670,959",34.61
09/08/2012,09/12/2012,09/08,1.9379,1.8330,"10,901,107",34.45
09/01/2012,09/06/2012,09/01,1.9316,1.8313,"9,461,649",34.60
09/01/2012,09/06/2012,08/25,1.9252,1.8324,"10,326,055",34.86
09/01/2012,09/06/2012,08/18,1.8699,1.7820,"9,502,681",34.94
09/01/2012,09/06/2012,08/11,1.8047,1.7137,"10,004,452",34.71
09/01/2012,09/06/2012,08/04,1.8061,1.7190,"9,465,363",34.86
08/25/2012,08/29/2012,07/28,1.8069,1.7190,"9,702,791",34.83
08/25/2012,08/29/2012,08/04,1.8061,1.7190,"9,465,363",34.86
08/25/2012,08/29/2012,08/11,1.8048,1.7138,"10,004,452",34.71
08/25/2012,08/29/2012,08/18,1.8699,1.7820,"9,502,681",34.94
08/25/2012,08/29/2012,08/25,1.9248,1.8320,"10,202,945",34.86
08/18/2012,08/22/2012,08/18,1.8690,1.7811,"9,375,014",34.94
08/18/2012,08/22/2012,08/11,1.8049,1.7139,"10,012,195",34.71
08/18/2012,08/22/2012,08/04,1.8061,1.7190,"9,465,363",34.86
08/18/2012,08/22/2012,07/28,1.8069,1.7190,"9,702,791",34.83
08/18/2012,08/22/2012,07/21,1.7715,1.6897,"9,007,986",35.00
08/11/2012,08/15/2012,07/14,1.7758,1.6930,"10,384,669",34.97
08/11/2012,08/15/2012,07/21,1.7716,1.6898,"9,007,986",35.00
08/11/2012,08/15/2012,07/28,1.8069,1.7190,"9,702,791",34.83
08/11/2012,08/15/2012,08/04,1.8061,1.7190,"9,465,363",34.86
08/11/2012,08/15/2012,08/11,1.8042,1.7132,"9,888,161",34.71
08/04/2012,08/08/2012,08/04,1.8059,1.7189,"9,342,816",34.86
08/04/2012,08/08/2012,07/28,1.8069,1.7190,"9,702,791",34.83
08/04/2012,08/08/2012,07/21,1.7716,1.6898,"9,007,986",35.00
08/04/2012,08/08/2012,07/14,1.7758,1.6930,"10,384,669",34.97
08/04/2012,08/08/2012,07/07,1.7571,1.6796,"9,515,329",35.14
07/28/2012,08/01/2012,06/30,1.7024,1.6224,"9,375,238",34.94
07/28/2012,08/01/2012,07/07,1.7571,1.6796,"9,515,329",35.14
07/28/2012,08/01/2012,07/14,1.7758,1.6930,"10,384,674",34.97
07/28/2012,08/01/2012,07/21,1.7716,1.6898,"9,007,986",35.00
07/28/2012,08/01/2012,07/28,1.8052,1.7180,"9,240,155",34.85
07/21/2012,07/25/2012,07/21,1.7712,1.6895,"8,882,984",35.00
07/21/2012,07/25/2012,07/14,1.7758,1.6930,"10,384,674",34.97
07/21/2012,07/25/2012,07/07,1.7575,1.6800,"9,515,329",35.14
07/21/2012,07/25/2012,06/30,1.7024,1.6224,"9,375,238",34.94
07/21/2012,07/25/2012,06/23,1.6582,1.5811,"8,851,220",34.98
07/14/2012,07/18/2012,06/16,1.6277,1.5496,"10,290,716",34.88
07/14/2012,07/18/2012,06/23,1.6582,1.5811,"8,851,220",34.98
07/14/2012,07/18/2012,06/30,1.7024,1.6224,"9,375,238",34.94
07/14/2012,07/18/2012,07/07,1.7575,1.6800,"9,515,329",35.14
07/14/2012,07/18/2012,07/14,1.7751,1.6925,"10,178,584",34.97
07/07/2012,07/11/2012,07/07,1.7567,1.6793,"9,107,534",35.14
07/07/2012,07/11/2012,06/30,1.7024,1.6224,"9,375,238",34.94
07/07/2012,07/11/2012,06/23,1.6582,1.5811,"8,851,220",34.98
07/07/2012,07/11/2012,06/16,1.6277,1.5496,"10,290,716",34.88
07/07/2012,07/11/2012,06/09,1.6024,1.5313,"10,300,307",35.12
06/30/2012,07/05/2012,06/02,1.5731,1.4998,"9,395,407",34.97
06/30/2012,07/05/2012,06/09,1.6024,1.5313,"10,300,307",35.12
06/30/2012,07/05/2012,06/16,1.6277,1.5496,"10,290,716",34.88
06/30/2012,07/05/2012,06/23,1.6582,1.5811,"8,851,220",34.98
06/30/2012,07/05/2012,06/30,1.7021,1.6220,"9,209,695",34.94
06/23/2012,06/27/2012,06/23,1.6582,1.5811,"8,851,220",34.98
06/23/2012,06/27/2012,06/16,1.6277,1.5496,"10,290,716",34.88
06/23/2012,06/27/2012,06/09,1.6024,1.5313,"10,300,307",35.12
06/23/2012,06/27/2012,06/02,1.5731,1.4998,"9,395,407",34.97
06/23/2012,06/27/2012,05/26,1.5678,1.4933,"9,015,572",34.91
06/16/2012,06/20/2012,05/19,1.5686,1.4887,"9,654,533",34.67
06/16/2012,06/20/2012,05/26,1.5678,1.4933,"9,015,572",34.91
06/16/2012,06/20/2012,06/02,1.5731,1.4998,"9,395,407",34.97
06/16/2012,06/20/2012,06/09,1.6024,1.5313,"10,300,307",35.12
06/16/2012,06/20/2012,06/16,1.6270,1.5492,"10,046,643",34.89
06/09/2012,06/13/2012,06/09,1.6018,1.5308,"10,137,038",35.13
06/09/2012,06/13/2012,06/02,1.5731,1.4998,"9,395,407",34.97
06/09/2012,06/13/2012,05/26,1.5678,1.4933,"9,015,572",34.91
06/09/2012,06/13/2012,05/19,1.5686,1.4887,"9,654,533",34.67
06/09/2012,06/13/2012,05/12,1.5667,1.4939,"11,368,626",34.98
06/02/2012,06/06/2012,05/05,1.5571,1.4837,"9,668,046",34.93
06/02/2012,06/06/2012,05/12,1.5667,1.4939,"11,368,626",34.98
06/02/2012,06/06/2012,05/19,1.5686,1.4887,"9,654,533",34.67
06/02/2012,06/06/2012,05/26,1.5678,1.4933,"9,015,572",34.91
06/02/2012,06/06/2012,06/02,1.5723,1.4995,"9,189,977",34.99
05/26/2012,05/31/2012,05/26,1.5677,1.4932,"8,893,111",34.91
05/26/2012,05/31/2012,05/19,1.5686,1.4887,"9,654,533",34.67
05/26/2012,05/31/2012,05/12,1.5667,1.4939,"11,368,626",34.98
05/26/2012,05/31/2012,05/05,1.5571,1.4837,"9,668,046",34.93
05/26/2012,05/31/2012,04/28,1.5663,1.4906,"11,685,181",34.85
05/19/2012,05/23/2012,04/21,1.5694,1.4891,"13,052,960",34.66
05/19/2012,05/23/2012,04/28,1.5663,1.4906,"11,685,181",34.85
05/19/2012,05/23/2012,05/05,1.5571,1.4837,"9,668,046",34.93
05/19/2012,05/23/2012,05/12,1.5667,1.4939,"11,368,626",34.98
05/19/2012,05/23/2012,05/19,1.5691,1.4887,"9,420,835",34.65
05/12/2012,05/16/2012,05/12,1.5665,1.4938,"11,245,286",34.98
05/12/2012,05/16/2012,05/05,1.5571,1.4837,"9,668,046",34.93
05/12/2012,05/16/2012,04/28,1.5663,1.4906,"11,685,181",34.85
05/12/2012,05/16/2012,04/21,1.5694,1.4891,"13,052,960",34.66
05/12/2012,05/16/2012,04/14,1.5919,1.5107,"11,520,767",34.67
05/05/2012,05/09/2012,04/07,1.6216,1.5405,"9,965,819",34.74
05/05/2012,05/09/2012,04/14,1.5919,1.5107,"11,520,767",34.67
05/05/2012,05/09/2012,04/21,1.5694,1.4891,"13,052,960",34.66
05/05/2012,05/09/2012,04/28,1.5663,1.4906,"11,685,181",34.85
05/05/2012,05/09/2012,05/05,1.5574,1.4835,"9,512,620",34.91
04/28/2012,05/02/2012,04/28,1.5658,1.4904,"11,275,140",34.87
04/28/2012,05/02/2012,04/21,1.5694,1.4891,"13,052,960",34.66
04/28/2012,05/02/2012,04/14,1.5919,1.5107,"11,520,767",34.67
04/28/2012,05/02/2012,04/07,1.6216,1.5405,"9,965,819",34.74
04/28/2012,05/02/2012,03/31,1.6713,1.5896,"9,952,335",34.81
04/21/2012,04/25/2012,03/24,1.6333,1.5549,"9,924,835",34.87
04/21/2012,04/25/2012,03/31,1.6713,1.5896,"9,952,335",34.81
04/21/2012,04/25/2012,04/07,1.6216,1.5405,"9,965,819",34.74
04/21/2012,04/25/2012,04/14,1.5919,1.5107,"11,520,767",34.67
04/21/2012,04/25/2012,04/21,1.5693,1.4891,"12,561,271",34.66
04/14/2012,04/18/2012,04/14,1.5919,1.5108,"11,356,102",34.67
04/14/2012,04/18/2012,04/07,1.6216,1.5405,"9,965,819",34.74
04/14/2012,04/18/2012,03/31,1.6713,1.5896,"9,952,335",34.81
04/14/2012,04/18/2012,03/24,1.6333,1.5549,"9,924,835",34.87
04/14/2012,04/18/2012,03/17,1.5857,1.5056,"11,921,822",34.70
04/07/2012,04/11/2012,03/10,1.5865,1.5146,"11,239,556",35.06
04/07/2012,04/11/2012,03/17,1.5857,1.5056,"11,921,822",34.70
04/07/2012,04/11/2012,03/24,1.6333,1.5549,"9,924,835",34.87
04/07/2012,04/11/2012,03/31,1.6713,1.5896,"9,952,335",34.81
04/07/2012,04/11/2012,04/07,1.6215,1.5415,"9,454,812",34.78
03/31/2012,04/04/2012,03/31,1.6727,1.5909,"9,446,921",34.81
03/31/2012,04/04/2012,03/24,1.6333,1.5549,"9,924,835",34.87
03/31/2012,04/04/2012,03/17,1.5857,1.5056,"11,921,822",34.70
03/31/2012,04/04/2012,03/10,1.5865,1.5146,"11,239,556",35.06
03/31/2012,04/04/2012,03/03,1.5837,1.5064,"10,751,088",34.82
